<?xml version="1.0" encoding="UTF-8"?>
<!DOCTYPE html PUBLIC "-//W3C//DTD XHTML 1.0 Transitional//EN"
    "http://www.w3.org/TR/xhtml1/DTD/xhtml1-transitional.dtd">
<html xmlns="http://www.w3.org/1999/xhtml" xml:lang="en" lang="en">
 <head>
  <title>
</title>
<meta http-equiv="Content-Type" content="text/html;charset=utf-8" />
  <meta name='ocr-system' content='tesseract 3.04.00' />
  <meta name='ocr-capabilities' content='ocr_page ocr_carea ocr_par ocr_line ocrx_word'/>
</head>
<body>
  <div class='ocr_page' id='page_1' title='image "./deaeschylisuppl00mlgoog_0039.png"; bbox 0 0 3136 4914; ppageno 0'>
   <div class='ocr_carea' id='block_1_1' title="bbox 647 349 867 417">
    <p class='ocr_par' dir='ltr' id='par_1_1' title="bbox 647 349 867 417">
     <span class='ocr_line' id='line_1_1' title="bbox 647 349 867 417; baseline 0.005 -17"><span class='ocrx_word' id='word_1_1' title='bbox 647 349 867 417; x_wconf 63' lang='lat'><strong>..39-</strong></span> 
     </span>
    </p>
   </div>
   <div class='ocr_carea' id='block_1_2' title="bbox 120 563 1344 3215">
    <p class='ocr_par' dir='ltr' id='par_1_2' title="bbox 159 563 1343 1078">
     <span class='ocr_line' id='line_1_2' title="bbox 159 563 1343 651; baseline 0.001 -22"><span class='ocrx_word' id='word_1_2' title='bbox 159 565 280 651; x_wconf 87' lang='lat' dir='ltr'><strong>Argos</strong></span> <span class='ocrx_word' id='word_1_3' title='bbox 315 575 369 630; x_wconf 92' lang='lat' dir='ltr'><strong>est</strong></span> <span class='ocrx_word' id='word_1_4' title='bbox 396 563 553 630; x_wconf 90' lang='lat' dir='ltr'><strong>muneris</strong></span> <span class='ocrx_word' id='word_1_5' title='bbox 576 564 721 647; x_wconf 88' lang='lat' dir='ltr'><strong>oblitus;</strong></span> <span class='ocrx_word' id='word_1_6' title='bbox 756 588 839 630; x_wconf 90' lang='lat' dir='ltr'><strong>nam</strong></span> <span class='ocrx_word' id='word_1_7' title='bbox 867 566 987 630; x_wconf 89' lang='lat' dir='ltr'><strong>oculos</strong></span> <span class='ocrx_word' id='word_1_8' title='bbox 1020 565 1096 630; x_wconf 92' lang='lat' dir='ltr'><strong>eius</strong></span> <span class='ocrx_word' id='word_1_9' title='bbox 1124 564 1161 630; x_wconf 91' lang='lat' dir='ltr'><strong>in</strong></span> <span class='ocrx_word' id='word_1_10' title='bbox 1192 588 1229 630; x_wconf 94' lang='lat' dir='ltr'><strong>se</strong></span> <span class='ocrx_word' id='word_1_11' title='bbox 1262 587 1343 631; x_wconf 91' lang='lat' dir='ltr'><strong>con-</strong></span> 
     </span>
     <span class='ocr_line' id='line_1_3' title="bbox 163 669 1342 758; baseline 0.001 -21"><span class='ocrx_word' id='word_1_12' title='bbox 163 669 274 737; x_wconf 89' lang='lat' dir='ltr'><strong>vertit</strong></span> <span class='ocrx_word' id='word_1_13' title='bbox 297 671 389 737; x_wconf 89' lang='lat' dir='ltr'><strong>bella</strong></span> <span class='ocrx_word' id='word_1_14' title='bbox 412 673 529 757; x_wconf 88' lang='lat' dir='ltr'><strong>puella</strong></span> <span class='ocrx_word' id='word_1_15' title='bbox 552 673 650 758; x_wconf 89' lang='lat' dir='ltr'><strong>Argo</strong></span> <span class='ocrx_word' id='word_1_16' title='bbox 674 695 695 737; x_wconf 90' lang='lat' dir='ltr'><strong>a</strong></span> <span class='ocrx_word' id='word_1_17' title='bbox 718 675 856 739; x_wconf 87' lang='lat' dir='ltr'><strong>Venere</strong></span> <span class='ocrx_word' id='word_1_18' title='bbox 884 673 1003 738; x_wconf 90' lang='lat' dir='ltr'><strong>oblata</strong></span> <span class='ocrx_word' id='word_1_19' title='bbox 1032 675 1116 739; x_wconf 90' lang='lat' dir='ltr'><strong>Iove</strong></span> <span class='ocrx_word' id='word_1_20' title='bbox 1146 682 1182 738; x_wconf 88' lang='lat' dir='ltr'><strong>et</strong></span> <span class='ocrx_word' id='word_1_21' title='bbox 1205 675 1342 738; x_wconf 89' lang='lat' dir='ltr'><strong>lunone</strong></span> 
     </span>
     <span class='ocr_line' id='line_1_4' title="bbox 165 777 1341 866; baseline 0.002 -24"><span class='ocrx_word' id='word_1_22' title='bbox 165 777 418 863; x_wconf 85' lang='lat' dir='ltr'><strong>praesentibus</strong></span> <span class='ocrx_word' id='word_1_23' title='bbox 486 781 587 862; x_wconf 79' lang='lat' dir='ltr'><strong>Quae</strong></span> <span class='ocrx_word' id='word_1_24' title='bbox 619 778 756 866; x_wconf 87' lang='lat' dir='ltr'>pictura</span> <span class='ocrx_word' id='word_1_25' title='bbox 787 779 944 844; x_wconf 80' lang='lat' dir='ltr'><strong>fabulam</strong></span> <span class='ocrx_word' id='word_1_26' title='bbox 976 777 1165 865; x_wconf 84' lang='lat' dir='ltr'><strong>satyricam</strong></span> <span class='ocrx_word' id='word_1_27' title='bbox 1197 780 1341 845; x_wconf 86' lang='lat' dir='ltr'><strong>reddere</strong></span> 
     </span>
     <span class='ocr_line' id='line_1_5' title="bbox 162 882 1341 971; baseline 0.002 -21"><span class='ocrx_word' id='word_1_28' title='bbox 162 882 305 950; x_wconf 91' lang='lat' dir='ltr'><strong>videtur</strong></span> <span class='ocrx_word' id='word_1_29' title='bbox 314 883 362 971; x_wconf 89' lang='lat'><strong>⁸⁷).</strong></span> <span class='ocrx_word' id='word_1_30' title='bbox 416 886 519 968; x_wconf 81' lang='lat' dir='ltr'><strong>Quod</strong></span> <span class='ocrx_word' id='word_1_31' title='bbox 547 909 610 952; x_wconf 87' lang='lat' dir='ltr'><strong>vas</strong></span> <span class='ocrx_word' id='word_1_32' title='bbox 638 885 702 952; x_wconf 88' lang='lat' dir='ltr'><strong>vix</strong></span> <span class='ocrx_word' id='word_1_33' title='bbox 731 896 814 952; x_wconf 91' lang='lat' dir='ltr'><strong>ante</strong></span> <span class='ocrx_word' id='word_1_34' title='bbox 849 907 984 951; x_wconf 89' lang='lat' dir='ltr'><strong>annum</strong></span> <span class='ocrx_word' id='word_1_35' title='bbox 1012 889 1077 950; x_wconf 87' lang='grc'><strong>420</strong></span> <span class='ocrx_word' id='word_1_36' title='bbox 1110 885 1244 971; x_wconf 90' lang='lat' dir='ltr'><strong>pictum</strong></span> <span class='ocrx_word' id='word_1_37' title='bbox 1279 896 1341 960; x_wconf 91' lang='lat' dir='ltr'><strong>est,</strong></span> 
     </span>
     <span class='ocr_line' id='line_1_6' title="bbox 166 990 952 1078; baseline 0.001 -22"><span class='ocrx_word' id='word_1_38' title='bbox 166 990 186 1056; x_wconf 87' lang='lat' dir='ltr'><strong>i.</strong></span> <span class='ocrx_word' id='word_1_39' title='bbox 204 1014 230 1057; x_wconf 91' lang='lat' dir='ltr'><strong>e.</strong></span> <span class='ocrx_word' id='word_1_40' title='bbox 255 990 441 1078; x_wconf 90' lang='lat' dir='ltr'><strong>permultis</strong></span> <span class='ocrx_word' id='word_1_41' title='bbox 465 991 568 1058; x_wconf 91' lang='lat' dir='ltr'><strong>annis</strong></span> <span class='ocrx_word' id='word_1_42' title='bbox 591 1003 672 1078; x_wconf 93' lang='lat' dir='ltr'><strong>post</strong></span> <span class='ocrx_word' id='word_1_43' title='bbox 697 993 952 1059; x_wconf 87' lang='lat' dir='ltr'><strong>Prometheum.</strong></span> 
     </span>
    </p>

    <p class='ocr_par' dir='ltr' id='par_1_3' title="bbox 162 1098 1343 1505">
     <span class='ocr_line' id='line_1_7' title="bbox 273 1098 1340 1187; baseline 0.002 -25"><span class='ocrx_word' id='word_1_44' title='bbox 273 1103 300 1164; x_wconf 85' lang='lat'><strong>2.</strong></span> <span class='ocrx_word' id='word_1_45' title='bbox 325 1103 398 1166; x_wconf 91' lang='lat' dir='ltr'><strong>Vas</strong></span> <span class='ocrx_word' id='word_1_46' title='bbox 414 1098 673 1185; x_wconf 85' lang='lat' dir='ltr'><strong>Spinellianum</strong></span> <span class='ocrx_word' id='word_1_47' title='bbox 680 1098 719 1187; x_wconf 87' lang='lat'><strong>⁸⁸)</strong></span> <span class='ocrx_word' id='word_1_48' title='bbox 731 1099 851 1185; x_wconf 90' lang='lat' dir='ltr'><strong>paullo</strong></span> <span class='ocrx_word' id='word_1_49' title='bbox 864 1098 1045 1185; x_wconf 90' lang='lat' dir='ltr'><strong>antiquius</strong></span> <span class='ocrx_word' id='word_1_50' title='bbox 1059 1109 1121 1182; x_wconf 86' lang='lat' dir='ltr'><strong>est,</strong></span> <span class='ocrx_word' id='word_1_51' title='bbox 1137 1110 1340 1165; x_wconf 91' lang='lat' dir='ltr'><strong>nontamen</strong></span> 
     </span>
     <span class='ocr_line' id='line_1_8' title="bbox 162 1204 1340 1292; baseline 0.001 -22"><span class='ocrx_word' id='word_1_52' title='bbox 162 1205 247 1271; x_wconf 87' lang='lat' dir='ltr'><strong>ante</strong></span> <span class='ocrx_word' id='word_1_53' title='bbox 270 1226 404 1270; x_wconf 91' lang='lat' dir='ltr'><strong>annum</strong></span> <span class='ocrx_word' id='word_1_54' title='bbox 428 1210 493 1270; x_wconf 90' lang='grc'><strong>450</strong></span> <span class='ocrx_word' id='word_1_55' title='bbox 517 1205 660 1291; x_wconf 93' lang='lat' dir='ltr'><strong>pictum.</strong></span> <span class='ocrx_word' id='word_1_56' title='bbox 708 1209 750 1271; x_wconf 89' lang='lat' dir='ltr'><strong>In</strong></span> <span class='ocrx_word' id='word_1_57' title='bbox 774 1207 842 1271; x_wconf 90' lang='lat' dir='ltr'><strong>hac</strong></span> <span class='ocrx_word' id='word_1_58' title='bbox 864 1204 1002 1292; x_wconf 83' lang='lat' dir='ltr'><strong>pictura</strong></span> <span class='ocrx_word' id='word_1_59' title='bbox 1024 1204 1158 1291; x_wconf 90' lang='lat' dir='ltr'><strong>Iupiter</strong></span> <span class='ocrx_word' id='word_1_60' title='bbox 1182 1215 1218 1271; x_wconf 92' lang='lat' dir='ltr'><strong>et</strong></span> <span class='ocrx_word' id='word_1_61' title='bbox 1235 1210 1274 1271; x_wconf 93' lang='lat' dir='ltr'><strong>Io</strong></span> <span class='ocrx_word' id='word_1_62' title='bbox 1290 1205 1340 1271; x_wconf 91' lang='lat' dir='ltr'><strong>sic</strong></span> 
     </span>
     <span class='ocr_line' id='line_1_9' title="bbox 165 1311 1343 1399; baseline 0.001 -22"><span class='ocrx_word' id='word_1_63' title='bbox 165 1323 481 1399; x_wconf 88' lang='lat' dir='ltr'><strong>repraesentantur,</strong></span> <span class='ocrx_word' id='word_1_64' title='bbox 516 1324 556 1379; x_wconf 92' lang='lat' dir='ltr'><strong>ut</strong></span> <span class='ocrx_word' id='word_1_65' title='bbox 588 1315 675 1398; x_wconf 82' lang='lat' dir='ltr'><strong>fuga</strong></span> <span class='ocrx_word' id='word_1_66' title='bbox 704 1313 851 1398; x_wconf 86' lang='lat' dir='ltr'><strong>puellae,</strong></span> <span class='ocrx_word' id='word_1_67' title='bbox 880 1311 1046 1379; x_wconf 91' lang='lat' dir='ltr'><strong>amatoris</strong></span> <span class='ocrx_word' id='word_1_68' title='bbox 1074 1312 1262 1378; x_wconf 88' lang='lat' dir='ltr'><strong>insectatio</strong></span> <span class='ocrx_word' id='word_1_69' title='bbox 1286 1314 1343 1378; x_wconf 91' lang='lat' dir='ltr'><strong>de-</strong></span> 
     </span>
     <span class='ocr_line' id='line_1_10' title="bbox 164 1417 1342 1505; baseline 0.003 -23"><span class='ocrx_word' id='word_1_70' title='bbox 164 1417 266 1504; x_wconf 85' lang='lat' dir='ltr'><strong>pingi</strong></span> <span class='ocrx_word' id='word_1_71' title='bbox 290 1421 391 1501; x_wconf 82' lang='lat' dir='ltr'><strong>solet3</strong></span> <span class='ocrx_word' id='word_1_72' title='bbox 416 1421 573 1484; x_wconf 91' lang='lat' dir='ltr'><strong>humana</strong></span> <span class='ocrx_word' id='word_1_73' title='bbox 600 1422 661 1485; x_wconf 87' lang='lat' dir='ltr'><strong>lus</strong></span> <span class='ocrx_word' id='word_1_74' title='bbox 684 1422 796 1485; x_wconf 79' lang='lat' dir='ltr'><strong>forma</strong></span> <span class='ocrx_word' id='word_1_75' title='bbox 819 1419 1014 1486; x_wconf 90' lang='lat' dir='ltr'><strong>rationibus</strong></span> <span class='ocrx_word' id='word_1_76' title='bbox 1035 1417 1119 1485; x_wconf 92' lang='lat' dir='ltr'><strong>artis</strong></span> <span class='ocrx_word' id='word_1_77' title='bbox 1135 1420 1342 1505; x_wconf 88' lang='lat' dir='ltr'><strong>postulatur.</strong></span> 
     </span>
    </p>

    <p class='ocr_par' dir='ltr' id='par_1_4' title="bbox 120 1525 1342 1720">
     <span class='ocr_line' id='line_1_11' title="bbox 274 1525 1342 1612; baseline 0.002 -22"><span class='ocrx_word' id='word_1_78' title='bbox 274 1525 412 1591; x_wconf 92' lang='lat' dir='ltr'><strong>Deinde</strong></span> <span class='ocrx_word' id='word_1_79' title='bbox 436 1527 522 1592; x_wconf 91' lang='lat' dir='ltr'><strong>haec</strong></span> <span class='ocrx_word' id='word_1_80' title='bbox 546 1529 658 1592; x_wconf 83' lang='lat' dir='ltr'><strong>forma</strong></span> <span class='ocrx_word' id='word_1_81' title='bbox 675 1525 825 1612; x_wconf 90' lang='lat' dir='ltr'><strong>virginis</strong></span> <span class='ocrx_word' id='word_1_82' title='bbox 850 1526 1052 1612; x_wconf 85' lang='lat' dir='ltr'><strong>cornigerae</strong></span> <span class='ocrx_word' id='word_1_83' title='bbox 1068 1525 1284 1612; x_wconf 88' lang='lat' dir='ltr'><strong>percrebruit</strong></span> <span class='ocrx_word' id='word_1_84' title='bbox 1306 1536 1342 1592; x_wconf 92' lang='lat' dir='ltr'><strong>et</strong></span> 
     </span>
     <span class='ocr_line' id='line_1_12' title="bbox 120 1632 948 1720; baseline 0.001 -22"><span class='ocrx_word' id='word_1_85' title='bbox 120 1706 123 1712; x_wconf 65' lang='lat'><em>,</em></span> <span class='ocrx_word' id='word_1_86' title='bbox 163 1633 240 1698; x_wconf 89' lang='lat' dir='ltr'><strong>sola</strong></span> <span class='ocrx_word' id='word_1_87' title='bbox 263 1632 432 1698; x_wconf 89' lang='lat' dir='ltr'><strong>remansit</strong></span> <span class='ocrx_word' id='word_1_88' title='bbox 456 1633 579 1700; x_wconf 90' lang='lat' dir='ltr'><strong>ceteris</strong></span> <span class='ocrx_word' id='word_1_89' title='bbox 602 1634 724 1700; x_wconf 81' lang='lat' dir='ltr'><strong>formis</strong></span> <span class='ocrx_word' id='word_1_90' title='bbox 747 1633 948 1720; x_wconf 75' lang='lat' dir='ltr'><strong>repudiatis,</strong></span> 
     </span>
    </p>

    <p class='ocr_par' dir='ltr' id='par_1_5' title="bbox 158 1738 1344 3215">
     <span class='ocr_line' id='line_1_13' title="bbox 273 1738 1342 1825; baseline -0.003 -19"><span class='ocrx_word' id='word_1_91' title='bbox 273 1738 458 1825; x_wconf 89' lang='lat' dir='ltr'><strong>Originem</strong></span> <span class='ocrx_word' id='word_1_92' title='bbox 483 1752 601 1806; x_wconf 90' lang='lat' dir='ltr'><strong>autem</strong></span> <span class='ocrx_word' id='word_1_93' title='bbox 625 1740 732 1806; x_wconf 91' lang='lat' dir='ltr'><strong>huius</strong></span> <span class='ocrx_word' id='word_1_94' title='bbox 755 1743 888 1807; x_wconf 77' lang='lat' dir='ltr'><strong>formae</strong></span> <span class='ocrx_word' id='word_1_95' title='bbox 910 1752 1077 1806; x_wconf 90' lang='lat' dir='ltr'><strong>cornutae</strong></span> <span class='ocrx_word' id='word_1_96' title='bbox 1105 1743 1148 1807; x_wconf 92' lang='lat' dir='ltr'><strong>ab</strong></span> <span class='ocrx_word' id='word_1_97' title='bbox 1177 1739 1342 1825; x_wconf 86' lang='lat' dir='ltr'><strong>Aeschyli</strong></span> 
     </span>
     <span class='ocr_line' id='line_1_14' title="bbox 168 1847 1344 1934; baseline 0 -23"><span class='ocrx_word' id='word_1_98' title='bbox 168 1847 375 1912; x_wconf 88' lang='lat' dir='ltr'><strong>Prometheo</strong></span> <span class='ocrx_word' id='word_1_99' title='bbox 388 1858 450 1913; x_wconf 89' lang='lat' dir='ltr'><strong>aut</strong></span> <span class='ocrx_word' id='word_1_100' title='bbox 462 1847 530 1912; x_wconf 91' lang='lat' dir='ltr'><strong>alio</strong></span> <span class='ocrx_word' id='word_1_101' title='bbox 544 1848 696 1933; x_wconf 91' lang='lat' dir='ltr'><strong>quodam</strong></span> <span class='ocrx_word' id='word_1_102' title='bbox 710 1847 844 1934; x_wconf 86' lang='lat' dir='ltr'><strong>tragico</strong></span> <span class='ocrx_word' id='word_1_103' title='bbox 857 1848 1100 1913; x_wconf 91' lang='lat' dir='ltr'><strong>deducendam</strong></span> <span class='ocrx_word' id='word_1_104' title='bbox 1113 1870 1189 1913; x_wconf 90' lang='lat' dir='ltr'><strong>esse</strong></span> <span class='ocrx_word' id='word_1_105' title='bbox 1201 1857 1344 1934; x_wconf 92' lang='lat' dir='ltr'><strong>propter</strong></span> 
     </span>
     <span class='ocr_line' id='line_1_15' title="bbox 164 1953 1344 2040; baseline 0.002 -22"><span class='ocrx_word' id='word_1_106' title='bbox 164 1954 231 2018; x_wconf 91' lang='lat' dir='ltr'><strong>has</strong></span> <span class='ocrx_word' id='word_1_107' title='bbox 260 1975 383 2018; x_wconf 89' lang='lat' dir='ltr'><strong>causas</strong></span> <span class='ocrx_word' id='word_1_108' title='bbox 412 1953 554 2019; x_wconf 90' lang='lat' dir='ltr'><strong>concedi</strong></span> <span class='ocrx_word' id='word_1_109' title='bbox 590 1977 660 2019; x_wconf 90' lang='lat' dir='ltr'><strong>non</strong></span> <span class='ocrx_word' id='word_1_110' title='bbox 691 1965 815 2040; x_wconf 91' lang='lat' dir='ltr'><strong>potest.</strong></span> <span class='ocrx_word' id='word_1_111' title='bbox 865 1954 1020 2020; x_wconf 90' lang='lat' dir='ltr'><strong>Primum</strong></span> <span class='ocrx_word' id='word_1_112' title='bbox 1049 1953 1192 2040; x_wconf 92' lang='lat' dir='ltr'><strong>quidem</strong></span> <span class='ocrx_word' id='word_1_113' title='bbox 1225 1954 1344 2020; x_wconf 91' lang='lat' dir='ltr'><strong>obstat</strong></span> 
     </span>
     <span class='ocr_line' id='line_1_16' title="bbox 167 2059 1341 2147; baseline 0 -23"><span class='ocrx_word' id='word_1_114' title='bbox 167 2059 410 2125; x_wconf 92' lang='lat' dir='ltr'><strong>testimonium</strong></span> <span class='ocrx_word' id='word_1_115' title='bbox 450 2061 632 2145; x_wconf 76' lang='lat' dir='ltr'><strong>Herodoti,</strong></span> <span class='ocrx_word' id='word_1_116' title='bbox 665 2060 725 2147; x_wconf 93' lang='lat' dir='ltr'><strong>qui</strong></span> <span class='ocrx_word' id='word_1_117' title='bbox 750 2060 923 2147; x_wconf 84' lang='lat' dir='ltr'><strong>expressis</strong></span> <span class='ocrx_word' id='word_1_118' title='bbox 951 2060 1067 2127; x_wconf 90' lang='lat' dir='ltr'><strong>verbis</strong></span> <span class='ocrx_word' id='word_1_119' title='bbox 1092 2059 1177 2126; x_wconf 91' lang='lat' dir='ltr'><strong>dicit</strong></span> <span class='ocrx_word' id='word_1_120' title='bbox 1210 2063 1269 2146; x_wconf 86' lang='lat' dir='ltr'><strong>(Il.</strong></span> <span class='ocrx_word' id='word_1_121' title='bbox 1287 2061 1341 2147; x_wconf 90' lang='grc'><strong>41)</strong></span> 
     </span>
     <span class='ocr_line' id='line_1_17' title="bbox 166 2165 1342 2256; baseline 0.002 -26"><span class='ocrx_word' id='word_1_122' title='bbox 166 2168 201 2230; x_wconf 85' lang='grc' dir='ltr'><strong>τὸ</strong></span> <span class='ocrx_word' id='word_1_123' title='bbox 225 2169 285 2251; x_wconf 84' lang='grc' dir='ltr'><strong>γὰρ</strong></span> <span class='ocrx_word' id='word_1_124' title='bbox 308 2177 363 2252; x_wconf 80' lang='grc' dir='ltr'><strong>τῆς</strong></span> <span class='ocrx_word' id='word_1_125' title='bbox 371 2170 465 2240; x_wconf 76' lang='grc' dir='ltr'><em>Ἴσιος</em></span> <span class='ocrx_word' id='word_1_126' title='bbox 488 2171 615 2256; x_wconf 74' lang='grc' dir='ltr'><strong><em>ἄγαλμα</em></strong></span> <span class='ocrx_word' id='word_1_127' title='bbox 639 2171 691 2233; x_wconf 82' lang='grc' dir='ltr'><strong>ἐὸν</strong></span> <span class='ocrx_word' id='word_1_128' title='bbox 714 2172 895 2252; x_wconf 80' lang='grc' dir='ltr'><strong><em>γυναικήιον</em></strong></span> <span class='ocrx_word' id='word_1_129' title='bbox 918 2172 1085 2252; x_wconf 78' lang='grc' dir='ltr'><em>βούκερών</em></span> <span class='ocrx_word' id='word_1_130' title='bbox 1108 2165 1170 2235; x_wconf 70' lang='grc' dir='ltr'><strong><em>ἐστι</em></strong></span> <span class='ocrx_word' id='word_1_131' title='bbox 1188 2170 1268 2234; x_wconf 81' lang='grc' dir='ltr'><strong><em>κατά</em></strong></span> <span class='ocrx_word' id='word_1_132' title='bbox 1283 2194 1342 2250; x_wconf 80' lang='grc' dir='ltr'><strong>περ</strong></span> 
     </span>
     <span class='ocr_line' id='line_1_18' title="bbox 158 2264 1342 2360; baseline 0.003 -24"><span class='ocrx_word' id='word_1_133' title='bbox 158 2264 317 2357; x_wconf 77' lang='grc' dir='ltr'><em>Ἕλληνες</em></span> <span class='ocrx_word' id='word_1_134' title='bbox 328 2276 384 2358; x_wconf 79' lang='grc' dir='ltr'><strong>τὴν</strong></span> <span class='ocrx_word' id='word_1_135' title='bbox 395 2277 477 2340; x_wconf 84' lang='grc' dir='ltr'><em>Ἰοῦν</em></span> <span class='ocrx_word' id='word_1_136' title='bbox 486 2278 673 2358; x_wconf 79' lang='grc' dir='ltr'><em>γράφουσιν.</em></span> <span class='ocrx_word' id='word_1_137' title='bbox 696 2278 749 2340; x_wconf 93' lang='lat' dir='ltr'><strong>De</strong></span> <span class='ocrx_word' id='word_1_138' title='bbox 759 2275 826 2340; x_wconf 92' lang='lat' dir='ltr'><strong>hac</strong></span> <span class='ocrx_word' id='word_1_139' title='bbox 835 2273 1066 2340; x_wconf 83' lang='lat' dir='ltr'><strong>similitudine</strong></span> <span class='ocrx_word' id='word_1_140' title='bbox 1078 2276 1119 2343; x_wconf 88' lang='lat' dir='ltr'><strong>E.</strong></span> <span class='ocrx_word' id='word_1_141' title='bbox 1132 2278 1294 2358; x_wconf 87' lang='lat' dir='ltr'><strong>Meyerus</strong></span> <span class='ocrx_word' id='word_1_142' title='bbox 1302 2275 1342 2360; x_wconf 83' lang='lat'><strong>⁸⁹)</strong></span> 
     </span>
     <span class='ocr_line' id='line_1_19' title="bbox 174 2380 1342 2467; baseline 0.001 -22"><span class='ocrx_word' id='word_1_143' title='bbox 174 2402 285 2461; x_wconf 89' lang='lat' dir='ltr'><strong>,wenn</strong></span> <span class='ocrx_word' id='word_1_144' title='bbox 318 2382 417 2464; x_wconf 86' lang='lat' dir='ltr'><strong>auch,</strong></span> <span class='ocrx_word' id='word_1_145' title='bbox 447 2380 570 2467; x_wconf 87' lang='lat' dir='ltr'><strong>inquit,</strong></span> <span class='ocrx_word' id='word_1_146' title='bbox 601 2382 743 2448; x_wconf 88' lang='lat' dir='ltr'><strong>Hathor</strong></span> <span class='ocrx_word' id='word_1_147' title='bbox 771 2384 844 2447; x_wconf 90' lang='lat' dir='ltr'><strong>und</strong></span> <span class='ocrx_word' id='word_1_148' title='bbox 876 2381 941 2448; x_wconf 91' lang='lat' dir='ltr'><strong>Isis</strong></span> <span class='ocrx_word' id='word_1_149' title='bbox 971 2383 1052 2447; x_wconf 92' lang='lat' dir='ltr'><strong>sehr</strong></span> <span class='ocrx_word' id='word_1_150' title='bbox 1080 2384 1132 2448; x_wconf 80' lang='lat' dir='ltr'><strong>oft</strong></span> <span class='ocrx_word' id='word_1_151' title='bbox 1160 2383 1211 2447; x_wconf 91' lang='lat' dir='ltr'><strong>als</strong></span> <span class='ocrx_word' id='word_1_152' title='bbox 1236 2381 1342 2446; x_wconf 89' lang='lat' dir='ltr'><strong>Kiihe</strong></span> 
     </span>
     <span class='ocr_line' id='line_1_20' title="bbox 166 2487 1344 2575; baseline 0.003 -24"><span class='ocrx_word' id='word_1_153' title='bbox 166 2487 251 2552; x_wconf 90' lang='lat' dir='ltr'><strong>oder</strong></span> <span class='ocrx_word' id='word_1_154' title='bbox 279 2488 371 2553; x_wconf 88' lang='lat' dir='ltr'><strong>nach</strong></span> <span class='ocrx_word' id='word_1_155' title='bbox 395 2488 622 2575; x_wconf 71' lang='lat' dir='ltr'><strong>agyptischer</strong></span> <span class='ocrx_word' id='word_1_156' title='bbox 650 2491 723 2571; x_wconf 75' lang='lat' dir='ltr'><strong>Art,</strong></span> <span class='ocrx_word' id='word_1_157' title='bbox 752 2490 803 2555; x_wconf 91' lang='lat' dir='ltr'><strong>als</strong></span> <span class='ocrx_word' id='word_1_158' title='bbox 828 2490 966 2555; x_wconf 88' lang='lat' dir='ltr'><strong>Frauen</strong></span> <span class='ocrx_word' id='word_1_159' title='bbox 995 2489 1062 2555; x_wconf 90' lang='lat' dir='ltr'><strong>mit</strong></span> <span class='ocrx_word' id='word_1_160' title='bbox 1086 2490 1259 2574; x_wconf 77' lang='lat' dir='ltr'><strong>Kuhkopi</strong></span> <span class='ocrx_word' id='word_1_161' title='bbox 1286 2511 1344 2573; x_wconf 90' lang='lat' dir='ltr'><strong>ge-</strong></span> 
     </span>
     <span class='ocr_line' id='line_1_21' title="bbox 166 2592 1344 2682; baseline 0.001 -24"><span class='ocrx_word' id='word_1_162' title='bbox 166 2592 277 2661; x_wconf 93' lang='lat' dir='ltr'><strong>bildet</strong></span> <span class='ocrx_word' id='word_1_163' title='bbox 299 2596 453 2678; x_wconf 87' lang='lat' dir='ltr'><strong>wurden,</strong></span> <span class='ocrx_word' id='word_1_164' title='bbox 483 2619 521 2660; x_wconf 92' lang='lat' dir='ltr'><strong>so</strong></span> <span class='ocrx_word' id='word_1_165' title='bbox 550 2595 596 2660; x_wconf 92' lang='lat' dir='ltr'><strong>ist</strong></span> <span class='ocrx_word' id='word_1_166' title='bbox 620 2597 768 2661; x_wconf 88' lang='lat' dir='ltr'><strong>weitaus</strong></span> <span class='ocrx_word' id='word_1_167' title='bbox 793 2595 1064 2682; x_wconf 79' lang='lat' dir='ltr'><strong>gewiihnlicher,</strong></span> <span class='ocrx_word' id='word_1_168' title='bbox 1095 2595 1145 2660; x_wconf 92' lang='lat' dir='ltr'><strong>sie</strong></span> <span class='ocrx_word' id='word_1_169' title='bbox 1173 2595 1208 2660; x_wconf 91' lang='lat' dir='ltr'><strong>in</strong></span> <span class='ocrx_word' id='word_1_170' title='bbox 1233 2596 1344 2660; x_wconf 91' lang='lat' dir='ltr'><strong>voller</strong></span> 
     </span>
     <span class='ocr_line' id='line_1_22' title="bbox 165 2700 1342 2788; baseline 0 -23"><span class='ocrx_word' id='word_1_171' title='bbox 165 2700 423 2766; x_wconf 89' lang='lat' dir='ltr'><strong>menschlicher</strong></span> <span class='ocrx_word' id='word_1_172' title='bbox 439 2703 580 2768; x_wconf 85' lang='lat' dir='ltr'><strong>Gestalt</strong></span> <span class='ocrx_word' id='word_1_173' title='bbox 596 2703 838 2785; x_wconf 68' lang='lat' dir='ltr'><strong>darzustellen&#39;‚</strong></span> <span class='ocrx_word' id='word_1_174' title='bbox 856 2701 922 2768; x_wconf 91' lang='lat' dir='ltr'><strong>mit</strong></span> <span class='ocrx_word' id='word_1_175' title='bbox 938 2701 1053 2767; x_wconf 91' lang='lat' dir='ltr'><strong>einem</strong></span> <span class='ocrx_word' id='word_1_176' title='bbox 1067 2703 1342 2788; x_wconf 82' lang='lat' dir='ltr'><strong>Kopfschmuck,</strong></span> 
     </span>
     <span class='ocr_line' id='line_1_23' title="bbox 167 2807 1342 2876; baseline 0.002 -5"><span class='ocrx_word' id='word_1_177' title='bbox 167 2807 228 2872; x_wconf 91' lang='lat' dir='ltr'><strong>der</strong></span> <span class='ocrx_word' id='word_1_178' title='bbox 266 2830 330 2873; x_wconf 90' lang='lat' dir='ltr'><strong>aus</strong></span> <span class='ocrx_word' id='word_1_179' title='bbox 370 2809 609 2874; x_wconf 76' lang='lat' dir='ltr'><strong>Kuhhiimern</strong></span> <span class='ocrx_word' id='word_1_180' title='bbox 649 2809 715 2874; x_wconf 91' lang='lat' dir='ltr'><strong>mit</strong></span> <span class='ocrx_word' id='word_1_181' title='bbox 754 2811 814 2874; x_wconf 91' lang='lat' dir='ltr'><strong>der</strong></span> <span class='ocrx_word' id='word_1_182' title='bbox 853 2807 1142 2876; x_wconf 88' lang='lat' dir='ltr'><strong>Sonnenscheibe</strong></span> <span class='ocrx_word' id='word_1_183' title='bbox 1175 2809 1342 2875; x_wconf 85' lang='lat' dir='ltr'><strong>besteht“.</strong></span> 
     </span>
     <span class='ocr_line' id='line_1_24' title="bbox 167 2913 1342 3002; baseline 0.002 -24"><span class='ocrx_word' id='word_1_184' title='bbox 167 2913 375 3001; x_wconf 89' lang='lat' dir='ltr'><strong>Priusquam</strong></span> <span class='ocrx_word' id='word_1_185' title='bbox 404 2914 514 3000; x_wconf 88' lang='lat' dir='ltr'><strong>igitur</strong></span> <span class='ocrx_word' id='word_1_186' title='bbox 543 2918 746 2982; x_wconf 88' lang='lat' dir='ltr'><strong>Herodotus</strong></span> <span class='ocrx_word' id='word_1_187' title='bbox 775 2916 811 2981; x_wconf 92' lang='lat' dir='ltr'><strong>in</strong></span> <span class='ocrx_word' id='word_1_188' title='bbox 843 2918 1048 3002; x_wconf 86' lang='lat' dir='ltr'><strong>Aegyptum</strong></span> <span class='ocrx_word' id='word_1_189' title='bbox 1075 2917 1252 3001; x_wconf 83' lang='lat' dir='ltr'><strong>profectus</strong></span> <span class='ocrx_word' id='word_1_190' title='bbox 1280 2926 1342 2999; x_wconf 88' lang='lat' dir='ltr'><strong>est,</strong></span> 
     </span>
     <span class='ocr_line' id='line_1_25' title="bbox 166 3021 1344 3108; baseline 0 -22"><span class='ocrx_word' id='word_1_191' title='bbox 166 3022 260 3106; x_wconf 91' lang='lat' dir='ltr'><strong>quod</strong></span> <span class='ocrx_word' id='word_1_192' title='bbox 289 3021 382 3088; x_wconf 91' lang='lat' dir='ltr'><strong>intra</strong></span> <span class='ocrx_word' id='word_1_193' title='bbox 406 3045 518 3088; x_wconf 90' lang='lat' dir='ltr'><strong>annos</strong></span> <span class='ocrx_word' id='word_1_194' title='bbox 544 3027 608 3087; x_wconf 87' lang='grc'><strong>460</strong></span> <span class='ocrx_word' id='word_1_195' title='bbox 638 3035 672 3089; x_wconf 93' lang='lat' dir='ltr'><strong>et</strong></span> <span class='ocrx_word' id='word_1_196' title='bbox 697 3027 760 3087; x_wconf 93' lang='grc'><strong>450</strong></span> <span class='ocrx_word' id='word_1_197' title='bbox 784 3025 918 3089; x_wconf 85' lang='lat' dir='ltr'><strong>lactum</strong></span> <span class='ocrx_word' id='word_1_198' title='bbox 946 3046 1022 3088; x_wconf 92' lang='lat' dir='ltr'><strong>esse</strong></span> <span class='ocrx_word' id='word_1_199' title='bbox 1051 3033 1189 3088; x_wconf 91' lang='lat' dir='ltr'><strong>constat</strong></span> <span class='ocrx_word' id='word_1_200' title='bbox 1199 3026 1247 3106; x_wconf 82' lang='lat'>⁹⁰),</span> <span class='ocrx_word' id='word_1_201' title='bbox 1274 3021 1344 3108; x_wconf 89' lang='lat' dir='ltr'><strong>pic-</strong></span> 
     </span>
     <span class='ocr_line' id='line_1_26' title="bbox 168 3128 1343 3215; baseline 0.002 -21"><span class='ocrx_word' id='word_1_202' title='bbox 168 3139 267 3194; x_wconf 89' lang='lat' dir='ltr'><strong>turae</strong></span> <span class='ocrx_word' id='word_1_203' title='bbox 291 3128 387 3194; x_wconf 90' lang='lat' dir='ltr'><strong>Ionis</strong></span> <span class='ocrx_word' id='word_1_204' title='bbox 412 3128 615 3215; x_wconf 85' lang='lat' dir='ltr'><strong>cornigerae</strong></span> <span class='ocrx_word' id='word_1_205' title='bbox 639 3129 674 3194; x_wconf 91' lang='lat' dir='ltr'><strong>in</strong></span> <span class='ocrx_word' id='word_1_206' title='bbox 693 3129 841 3195; x_wconf 85' lang='lat' dir='ltr'><strong>Graecia</strong></span> <span class='ocrx_word' id='word_1_207' title='bbox 866 3129 1029 3214; x_wconf 88' lang='lat' dir='ltr'><strong>cognitae</strong></span> <span class='ocrx_word' id='word_1_208' title='bbox 1051 3152 1165 3215; x_wconf 91' lang='lat' dir='ltr'><strong>neque</strong></span> <span class='ocrx_word' id='word_1_209' title='bbox 1181 3128 1343 3196; x_wconf 90' lang='lat' dir='ltr'><strong>insolitae</strong></span> 
     </span>
    </p>
   </div>
   <div class='ocr_carea' id='block_1_3' title="bbox 165 3326 1343 3602">
    <p class='ocr_par' dir='ltr' id='par_1_6' title="bbox 165 3326 1343 3602">
     <span class='ocr_line' id='line_1_27' title="bbox 275 3326 1343 3442; baseline 0.001 -19"><span class='ocrx_word' id='word_1_210' title='bbox 275 3366 316 3441; x_wconf 90' lang='lat'><strong>⁸⁷)</strong></span> <span class='ocrx_word' id='word_1_211' title='bbox 340 3366 406 3424; x_wconf 90' lang='lat' dir='ltr'><strong>Non</strong></span> <span class='ocrx_word' id='word_1_212' title='bbox 431 3375 514 3424; x_wconf 88' lang='lat' dir='ltr'><strong>recte</strong></span> <span class='ocrx_word' id='word_1_213' title='bbox 539 3368 626 3442; x_wconf 85' lang='lat' dir='ltr'><strong>igitur</strong></span> <span class='ocrx_word' id='word_1_214' title='bbox 642 3368 729 3424; x_wconf 87' lang='lat' dir='ltr'><strong>Rizzo</strong></span> <span class='ocrx_word' id='word_1_215' title='bbox 754 3368 817 3423; x_wconf 77' lang='lat' dir='ltr'><strong>Riv.</strong></span> <span class='ocrx_word' id='word_1_216' title='bbox 834 3369 863 3423; x_wconf 93' lang='lat' dir='ltr'><strong>di</strong></span> <span class='ocrx_word' id='word_1_217' title='bbox 881 3368 952 3427; x_wconf 85' lang='lat' dir='ltr'><strong>filol.</strong></span> <span class='ocrx_word' id='word_1_218' title='bbox 973 3326 1066 3427; x_wconf 66' lang='lat'><strong>1902.</strong></span> <span class='ocrx_word' id='word_1_219' title='bbox 1082 3367 1158 3428; x_wconf 86' lang='lat'><strong>501.</strong></span> <span class='ocrx_word' id='word_1_220' title='bbox 1183 3369 1343 3442; x_wconf 87' lang='lat' dir='ltr'><strong>dithyram-</strong></span> 
     </span>
     <span class='ocr_line' id='line_1_28' title="bbox 165 3456 1342 3530; baseline 0.003 -21"><span class='ocrx_word' id='word_1_221' title='bbox 165 3456 242 3510; x_wconf 90' lang='lat' dir='ltr'><strong>bum</strong></span> <span class='ocrx_word' id='word_1_222' title='bbox 266 3457 392 3512; x_wconf 84' lang='lat' dir='ltr'><strong>subesse</strong></span> <span class='ocrx_word' id='word_1_223' title='bbox 417 3457 561 3521; x_wconf 83' lang='lat' dir='ltr'><strong>coniecit;</strong></span> <span class='ocrx_word' id='word_1_224' title='bbox 595 3475 696 3530; x_wconf 87' lang='lat' dir='ltr'><strong>neque</strong></span> <span class='ocrx_word' id='word_1_225' title='bbox 721 3458 857 3512; x_wconf 88' lang='lat' dir='ltr'><strong>habebat</strong></span> <span class='ocrx_word' id='word_1_226' title='bbox 880 3458 1060 3530; x_wconf 89' lang='lat' dir='ltr'><strong>dithyrambi</strong></span> <span class='ocrx_word' id='word_1_227' title='bbox 1083 3465 1185 3530; x_wconf 88' lang='lat' dir='ltr'><strong>poeta,</strong></span> <span class='ocrx_word' id='word_1_228' title='bbox 1217 3475 1270 3514; x_wconf 91' lang='lat' dir='ltr'><strong>cur</strong></span> <span class='ocrx_word' id='word_1_229' title='bbox 1285 3458 1342 3515; x_wconf 86' lang='lat' dir='ltr'><strong>lor-</strong></span> 
     </span>
     <span class='ocr_line' id='line_1_29' title="bbox 167 3546 527 3602; baseline 0.006 -3"><span class='ocrx_word' id='word_1_230' title='bbox 167 3562 250 3600; x_wconf 88' lang='lat' dir='ltr'><strong>mam</strong></span> <span class='ocrx_word' id='word_1_231' title='bbox 274 3563 387 3601; x_wconf 88' lang='lat' dir='ltr'><strong>vaccae</strong></span> <span class='ocrx_word' id='word_1_232' title='bbox 411 3546 527 3602; x_wconf 87' lang='lat' dir='ltr'><strong>vitaret.</strong></span> 
     </span>
    </p>
   </div>
   <div class='ocr_carea' id='block_1_4' title="bbox 166 3651 1343 3815">
    <p class='ocr_par' dir='ltr' id='par_1_7' title="bbox 166 3651 1343 3815">
     <span class='ocr_line' id='line_1_30' title="bbox 276 3651 1343 3727; baseline 0.007 -22"><span class='ocrx_word' id='word_1_233' title='bbox 276 3651 317 3727; x_wconf 92' lang='lat'><strong>⁸⁸)</strong></span> <span class='ocrx_word' id='word_1_234' title='bbox 347 3653 437 3719; x_wconf 90' lang='lat' dir='ltr'><strong>Quod</strong></span> <span class='ocrx_word' id='word_1_235' title='bbox 474 3653 686 3709; x_wconf 87' lang='lat' dir='ltr'><strong>delineandum</strong></span> <span class='ocrx_word' id='word_1_236' title='bbox 729 3654 843 3709; x_wconf 86' lang='lat' dir='ltr'><strong>curavit</strong></span> <span class='ocrx_word' id='word_1_237' title='bbox 885 3653 1019 3727; x_wconf 84' lang='lat' dir='ltr'><strong>Engelm.</strong></span> <span class='ocrx_word' id='word_1_238' title='bbox 1056 3654 1145 3709; x_wconf 88' lang='lat' dir='ltr'><strong>Arch.</strong></span> <span class='ocrx_word' id='word_1_239' title='bbox 1165 3655 1266 3727; x_wconf 88' lang='lat' dir='ltr'><strong>Jahrb.</strong></span> <span class='ocrx_word' id='word_1_240' title='bbox 1296 3652 1343 3712; x_wconf 86' lang='lat'><strong>18.</strong></span> 
     </span>
     <span class='ocr_line' id='line_1_31' title="bbox 166 3739 372 3815; baseline -0.005 -18"><span class='ocrx_word' id='word_1_241' title='bbox 166 3760 197 3814; x_wconf 90' lang='lat' dir='ltr'><strong>p.</strong></span> <span class='ocrx_word' id='word_1_242' title='bbox 213 3739 254 3800; x_wconf 87' lang='grc'><strong>46</strong></span> <span class='ocrx_word' id='word_1_243' title='bbox 279 3741 326 3815; x_wconf 85' lang='lat' dir='ltr'><strong>fig.</strong></span> <span class='ocrx_word' id='word_1_244' title='bbox 343 3741 372 3799; x_wconf 88' lang='grc'><strong>4.</strong></span> 
     </span>
    </p>
   </div>
   <div class='ocr_carea' id='block_1_5' title="bbox 165 3847 1344 4279">
    <p class='ocr_par' dir='ltr' id='par_1_8' title="bbox 165 3847 1344 4279">
     <span class='ocr_line' id='line_1_32' title="bbox 276 3847 1344 3922; baseline 0.001 -17"><span class='ocrx_word' id='word_1_245' title='bbox 276 3847 316 3922; x_wconf 86' lang='lat'><strong>⁸⁹)</strong></span> <span class='ocrx_word' id='word_1_246' title='bbox 339 3849 370 3904; x_wconf 91' lang='lat' dir='ltr'><strong>in</strong></span> <span class='ocrx_word' id='word_1_247' title='bbox 393 3850 539 3905; x_wconf 88' lang='lat' dir='ltr'><strong>Roscheri</strong></span> <span class='ocrx_word' id='word_1_248' title='bbox 562 3849 633 3905; x_wconf 83' lang='lat' dir='ltr'><strong>Lex.</strong></span> <span class='ocrx_word' id='word_1_249' title='bbox 658 3850 685 3904; x_wconf 92' lang='lat' dir='ltr'><strong>d.</strong></span> <span class='ocrx_word' id='word_1_250' title='bbox 709 3850 801 3922; x_wconf 86' lang='lat' dir='ltr'><strong>Myth.</strong></span> <span class='ocrx_word' id='word_1_251' title='bbox 824 3849 861 3905; x_wconf 89' lang='lat' dir='ltr'><strong>Il.</strong></span> <span class='ocrx_word' id='word_1_252' title='bbox 884 3848 956 3908; x_wconf 84' lang='lat'><strong>363.</strong></span> <span class='ocrx_word' id='word_1_253' title='bbox 1007 3849 1093 3904; x_wconf 86' lang='lat' dir='ltr'><strong>Idem</strong></span> <span class='ocrx_word' id='word_1_254' title='bbox 1117 3850 1237 3905; x_wconf 88' lang='lat' dir='ltr'><strong>Forsch.</strong></span> <span class='ocrx_word' id='word_1_255' title='bbox 1264 3869 1287 3909; x_wconf 85' lang='lat' dir='ltr'><strong>z.</strong></span> <span class='ocrx_word' id='word_1_256' title='bbox 1317 3869 1344 3906; x_wconf 93' lang='lat' dir='ltr'><strong>a.</strong></span> 
     </span>
     <span class='ocr_line' id='line_1_33' title="bbox 165 3935 1344 4012; baseline 0.002 -19"><span class='ocrx_word' id='word_1_257' title='bbox 165 3935 280 3994; x_wconf 89' lang='lat' dir='ltr'><strong>Gesch.</strong></span> <span class='ocrx_word' id='word_1_258' title='bbox 302 3937 325 3994; x_wconf 86' lang='grc' dir='ltr'><strong>Ι.</strong></span> <span class='ocrx_word' id='word_1_259' title='bbox 350 3937 401 3996; x_wconf 87' lang='grc'><strong>78.</strong></span> <span class='ocrx_word' id='word_1_260' title='bbox 426 3938 464 4000; x_wconf 89' lang='grc' dir='ltr'><strong>Α,</strong></span> <span class='ocrx_word' id='word_1_261' title='bbox 491 3937 519 3995; x_wconf 83' lang='lat'><strong>2.</strong></span> <span class='ocrx_word' id='word_1_262' title='bbox 555 3939 691 4006; x_wconf 85' lang='lat' dir='ltr'><strong>„Absurd</strong></span> <span class='ocrx_word' id='word_1_263' title='bbox 716 3938 754 3995; x_wconf 91' lang='lat' dir='ltr'><strong>ist</strong></span> <span class='ocrx_word' id='word_1_264' title='bbox 778 3939 827 3995; x_wconf 89' lang='lat' dir='ltr'><strong>die</strong></span> <span class='ocrx_word' id='word_1_265' title='bbox 844 3938 1043 4012; x_wconf 86' lang='lat' dir='ltr'><strong>Behauptung</strong></span> <span class='ocrx_word' id='word_1_266' title='bbox 1065 3956 1123 3994; x_wconf 91' lang='lat' dir='ltr'><strong>von</strong></span> <span class='ocrx_word' id='word_1_267' title='bbox 1147 3937 1344 4012; x_wconf 86' lang='lat' dir='ltr'><strong>Engelmann,</strong></span> 
     </span>
     <span class='ocr_line' id='line_1_34' title="bbox 169 4025 1342 4101; baseline 0.003 -21"><span class='ocrx_word' id='word_1_268' title='bbox 169 4025 218 4082; x_wconf 90' lang='lat' dir='ltr'><strong>die</strong></span> <span class='ocrx_word' id='word_1_269' title='bbox 243 4027 436 4101; x_wconf 87' lang='lat' dir='ltr'><strong>Vorstellung</strong></span> <span class='ocrx_word' id='word_1_270' title='bbox 464 4028 518 4083; x_wconf 87' lang='lat' dir='ltr'><strong>der</strong></span> <span class='ocrx_word' id='word_1_271' title='bbox 540 4028 572 4084; x_wconf 92' lang='lat' dir='ltr'><strong>Io</strong></span> <span class='ocrx_word' id='word_1_272' title='bbox 598 4029 641 4083; x_wconf 89' lang='lat' dir='ltr'><strong>als</strong></span> <span class='ocrx_word' id='word_1_273' title='bbox 666 4029 812 4100; x_wconf 77' lang='lat' dir='ltr'><strong>gehdrnte</strong></span> <span class='ocrx_word' id='word_1_274' title='bbox 834 4026 979 4101; x_wconf 83' lang='lat' dir='ltr'><strong>Jungfrau</strong></span> <span class='ocrx_word' id='word_1_275' title='bbox 1007 4028 1084 4100; x_wconf 86' lang='lat' dir='ltr'><strong>gehe</strong></span> <span class='ocrx_word' id='word_1_276' title='bbox 1109 4028 1160 4083; x_wconf 88' lang='lat' dir='ltr'><strong>aul</strong></span> <span class='ocrx_word' id='word_1_277' title='bbox 1189 4029 1249 4083; x_wconf 88' lang='lat' dir='ltr'><strong>den</strong></span> <span class='ocrx_word' id='word_1_278' title='bbox 1273 4027 1342 4084; x_wconf 89' lang='lat' dir='ltr'><strong>Ein-</strong></span> 
     </span>
     <span class='ocr_line' id='line_1_35' title="bbox 167 4115 1343 4192; baseline 0.002 -22"><span class='ocrx_word' id='word_1_279' title='bbox 167 4115 239 4171; x_wconf 91' lang='lat' dir='ltr'><strong>fiuss</strong></span> <span class='ocrx_word' id='word_1_280' title='bbox 263 4116 318 4172; x_wconf 90' lang='lat' dir='ltr'><strong>der</strong></span> <span class='ocrx_word' id='word_1_281' title='bbox 340 4116 486 4192; x_wconf 85' lang='lat' dir='ltr'><strong>Tragiker</strong></span> <span class='ocrx_word' id='word_1_282' title='bbox 508 4116 628 4184; x_wconf 78' lang='lat' dir='ltr'><strong>zurlick,</strong></span> <span class='ocrx_word' id='word_1_283' title='bbox 656 4119 771 4173; x_wconf 89' lang='lat' dir='ltr'><strong>welche</strong></span> <span class='ocrx_word' id='word_1_284' title='bbox 796 4116 864 4172; x_wconf 89' lang='lat' dir='ltr'><strong>eine</strong></span> <span class='ocrx_word' id='word_1_285' title='bbox 889 4116 958 4172; x_wconf 89' lang='lat' dir='ltr'><strong>Kuh</strong></span> <span class='ocrx_word' id='word_1_286' title='bbox 983 4117 1066 4172; x_wconf 87' lang='lat' dir='ltr'><strong>nicht</strong></span> <span class='ocrx_word' id='word_1_287' title='bbox 1090 4116 1144 4170; x_wconf 86' lang='lat' dir='ltr'><strong>auf</strong></span> <span class='ocrx_word' id='word_1_288' title='bbox 1164 4117 1213 4172; x_wconf 86' lang='lat' dir='ltr'><strong>die</strong></span> <span class='ocrx_word' id='word_1_289' title='bbox 1238 4117 1343 4173; x_wconf 79' lang='lat' dir='ltr'><strong>Btihne</strong></span> 
     </span>
     <span class='ocr_line' id='line_1_36' title="bbox 166 4203 478 4279; baseline 0.013 -21"><span class='ocrx_word' id='word_1_290' title='bbox 166 4203 292 4279; x_wconf 86' lang='lat' dir='ltr'><strong>bringen</strong></span> <span class='ocrx_word' id='word_1_291' title='bbox 316 4205 478 4266; x_wconf 86' lang='lat' dir='ltr'><strong>konnten.“</strong></span> 
     </span>
    </p>
   </div>
   <div class='ocr_carea' id='block_1_6' title="bbox 275 4311 1201 4386">
    <p class='ocr_par' dir='ltr' id='par_1_9' title="bbox 275 4311 1201 4386">
     <span class='ocr_line' id='line_1_37' title="bbox 275 4311 1201 4386; baseline 0.001 -20"><span class='ocrx_word' id='word_1_292' title='bbox 275 4311 313 4386; x_wconf 80' lang='lat'><strong>⁹⁰)</strong></span> <span class='ocrx_word' id='word_1_293' title='bbox 339 4312 382 4368; x_wconf 88' lang='lat' dir='ltr'><strong>Cf.</strong></span> <span class='ocrx_word' id='word_1_294' title='bbox 406 4313 608 4369; x_wconf 87' lang='lat' dir='ltr'><strong>Wiedemann</strong></span> <span class='ocrx_word' id='word_1_295' title='bbox 635 4314 790 4369; x_wconf 88' lang='lat' dir='ltr'><strong>Herodots</strong></span> <span class='ocrx_word' id='word_1_296' title='bbox 814 4313 897 4368; x_wconf 89' lang='lat' dir='ltr'><strong>Buch</strong></span> <span class='ocrx_word' id='word_1_297' title='bbox 922 4312 957 4373; x_wconf 87' lang='lat' dir='ltr'><strong>ll,</strong></span> <span class='ocrx_word' id='word_1_298' title='bbox 983 4312 1102 4368; x_wconf 87' lang='lat' dir='ltr'><strong>Einleit.</strong></span> <span class='ocrx_word' id='word_1_299' title='bbox 1126 4332 1155 4385; x_wconf 91' lang='lat' dir='ltr'><strong>p.</strong></span> <span class='ocrx_word' id='word_1_300' title='bbox 1172 4313 1201 4369; x_wconf 88' lang='grc'><strong>4.</strong></span> 
     </span>
    </p>
   </div>
   <div class='ocr_carea' id='block_1_7' title="bbox 0 0 1577 4914">
    <p class='ocr_par' dir='ltr' id='par_1_10' title="bbox 0 0 1577 4914">
     <span class='ocr_line' id='line_1_38' title="bbox 0 0 1577 4914; baseline 0 0"><span class='ocrx_word' id='word_1_301' title='bbox 0 0 1577 4914; x_wconf 95' lang='lat' dir='ltr'><strong> </strong></span> 
     </span>
    </p>
   </div>
  </div>
 </body>
</html>
