3136 4914
688 311 909 378 ..53-

202 525 266 614 (11)
299 549 422 593 versus
449 538 616 609 actorum,
649 526 709 612 qui
732 525 951 594 orationihus
974 527 1208 612 continentur,
1242 526 1378 605 rettuli3

203 633 307 700 tertia
331 634 411 722 (ΙΙΙ)
427 634 538 716 docet,
562 646 670 720 quota
692 655 775 720 pars
790 631 1012 719 singularum
1028 634 1289 722 tragoediarum
1304 657 1379 702 ora-

205 738 362 808 tionibus
385 741 625 807 contineatur:

539 925 557 930 ’
763 904 1271 1052 11111Ιῖ

308 1114 493 1203 Supplices
513 1170 733 1183 .....
986 1121 1050 1184 276
1103 1068 1108 1159 l
1141 1120 1237 1200 ⁰257

310 1227 434 1289 Persae
459 1277 732 1290 ......
985 1229 1049 1291 393
1102 1166 1107 1351 Ι
1141 1227 1238 1305 0,365

307 1332 452 1418 Septem
512 1384 732 1399 .....
985 1335 1049 1398 408
1102 1356 1106 1389 ι
1140 1334 1237 1413 0,378

308 1439 572 1504 Prometheus,
619 1492 625 1504 .
672 1492 678 1505 .
725 1492 732 1505 .
985 1444 1049 1505 507
1102 1392 1106 1575 Ι
1140 1441 1236 1520 0,463

306 1547 552 1631 Agamemnon
619 1600 626 1613 .
673 1599 679 1612 .
725 1600 732 1612 .
985 1551 1049 1612 642
1103 1582 1106 1615 ι
1141 1549 1236 1628 0,384

308 1652 505 1739 Choephori
566 1706 572 1718 .
619 1707 626 1719 .
672 1707 679 1720 .
725 1707 732 1719 .
985 1658 1049 1719 406
1102 1618 1106 1715 l
1142 1656 1237 1734 usn

307 1759 523 1828 Eumenides
566 1809 574 1823 .
619 1815 625 1827 .
672 1815 678 1827 .
725 1815 731 1826 .
985 1763 1049 1825 462
1102 1720 1106 1913 Ι
1140 1763 1232 1842 0,441

202 1972 269 2039 His
306 1975 461 2040 numeris
496 1975 630 2062 liquido
660 1986 806 2062 apparet
841 1973 1018 2041 orationes
1052 1972 1225 2060 paulatim
1258 1971 1374 2039 maius

180 2080 354 2166 'spatium
377 2081 413 2147 in
445 2082 636 2168 tragoediis
668 2105 847 2169 occupare,
882 2080 1019 2147 cantica
1054 2077 1227 2147 imminui.
1278 2082 1373 2146 Nam

201 2209 280 2253 cum
309 2201 443 2255 ceterae
471 2191 611 2256 labulae
639 2213 680 2256 ea
715 2189 750 2255 in
780 2212 817 2255 re
844 2191 953 2255 ferme
980 2187 1073 2254 inter
1100 2210 1138 2253 se
1166 2198 1373 2274 congruant,

200 2297 293 2382 quod
317 2299 431 2362 multo
455 2299 535 2382 plus
559 2320 665 2383 quam
690 2297 794 2363 tertia
816 2319 897 2382 pars
922 2293 1031 2362 totius
1055 2295 1195 2360 fabulae
1210 2292 1374 2361 orationi-

200 2401 267 2467 bus
283 2402 558 2490 continetur¹¹⁷),
582 2405 618 2470 in
636 2403 864 2493 Supplicibus
888 2403 971 2469 solis
995 2414 1120 2489 quarta
1137 2412 1277 2468 tantum
1291 2423 1373 2490 pars

201 2509 418 2576 orationibus
436 2534 601 2578 concessa
617 2523 679 2595 est,
704 2513 778 2578 sola
794 2512 829 2576 in
847 2510 908 2576 illa
923 2512 1042 2576 labula
1055 2509 1210 2575 cannino
1225 2530 1372 2574 numero

200 2638 365 2683 versuum
387 2617 563 2684 orationes
580 2629 755 2704 superant,
794 2619 864 2686 Sed
888 2617 958 2683 iam
982 2615 1018 2682 in
1038 2615 1150 2682 Persis
1174 2614 1373 2682 orationum

199 2747 321 2791 versus
344 2728 462 2812 plures
483 2727 686 2810 extiterunt,
710 2749 859 2813 quorum
875 2748 1043 2792 numerus
1067 2724 1103 2790 in
1120 2721 1372 2811 posterioribus

198 2832 327 2899 fabulis
351 2833 457 2900 etiarn
482 2846 607 2901 auctus
631 2836 754 2901 eodem
777 2836 850 2900 fere
873 2835 966 2920 apud
991 2844 1123 2899 ceteras
1139 2832 1277 2898 fabulas
1300 2852 1372 2896 om·

199 2960 262 3004 nes
290 2939 476 3007 intervallo
511 2964 634 3007 versus
665 2940 881 3008 canticorum
915 2939 1101 3007 antecedit.
1159 2941 1277 3023 Quare
1304 2939 1371 3004 hac

200 3047 332 3127 tabula,
371 3070 451 3113 cunr
491 3050 584 3134 quod
616 3051 660 3115 ad
701 3053 822 3115 Persas
853 3050 998 3133 Septem
1031 3045 1207 3113 Orestiam
1243 3043 1372 3111 attinet

199 3175 279 3218 cum
318 3153 368 3219 eis
407 3156 636 3241 temporibus,
675 3179 764 3242 quae
808 3153 1007 3221 didascaliis
1045 3151 1192 3220 servatis
1231 3151 1371 3217 limrata

199 3271 294 3343 sunt,
334 3273 520 3348 congruat,
559 3275 653 3329 recta
695 3262 905 3351 Supplicum
948 3283 1087 3348 quoque
1125 3272 1282 3345 tempora
1321 3256 1371 3323 in-

199 3365 314 3450 dicari,
339 3367 515 3435 confidere
539 3392 735 3455 possumus.
784 3368 927 3455 Optime
955 3367 1066 3455 igitur
1089 3367 1147 3433 ille
1172 3378 1369 3452 temporum

198 3476 282 3541 ordo
318 3475 509 3559 stabilitur,
549 3499 617 3563 quo
652 3476 838 3565 Supplices
878 3480 999 3542 Persas
1038 3485 1153 3541 aetate
1188 3473 1369 3559 aliquanto

198 3585 420 3649 antecedunt
481 3586 533 3650 Ac
564 3607 608 3649 ne
647 3582 802 3650 numeris
841 3584 1062 3650 solummodo
1099 3603 1173 3647 rem
1211 3601 1369 3665 agamus

197 3685 233 3754 in
262 3688 488 3775 Supplicibus
520 3692 736 3776 Aeschylum
771 3688 989 3757 orationibus
1024 3690 1181 3755 nondum
1216 3687 1369 3752 multum

198 3793 361 3862 tribuisse
403 3796 473 3862 iam
518 3796 600 3863 inde
639 3796 825 3880 evincitur,
864 3797 958 3883 quod
998 3800 1161 3862 Danaum
1205 3792 1235 3860 si
1272 3794 1370 3860 volu·

196 3900 282 3969 isset
320 3913 355 3968 et
389 3927 450 3989 per
484 3915 617 3970 statum
656 3903 741 3971 artis
776 3903 932 3990 tragicae
966 3901 1135 3985 licuisset,
1173 3899 1368 3967 orationem

198 4008 387 4076 habentem
415 4010 581 4077 inducere
603 4010 728 4097 potuit,
752 4034 822 4097 qua
844 4009 1015 4076 auxilium
1040 4007 1134 4095 regis
1158 4006 1368 4094 imploraret,

307 4192 360 4277 ¹¹⁷)
384 4199 597 4255 Prometheum
625 4200 727 4272 paullo
752 4198 869 4254 differre
893 4214 984 4253 nemo
1013 4195 1177 4257 mirabitur.
1201 4194 1251 4268 qui
1280 4192 1367 4249 huius

196 4281 317 4341 fabulae
341 4286 475 4344 indolem
499 4287 691 4361 perspexerit.
