3136 4914
669 322 886 391 ..36-

192 537 329 625 logisch
360 561 477 624 geuau
505 537 572 605 mit
600 539 680 604 dem
705 537 961 623 Dithyrambus
984 537 1158 624 (Bacchyl.
1183 542 1221 603 19
1248 537 1300 624 [18
1319 536 1367 623 Β.]

195 645 382 732 Kuhform)
392 645 430 733 ⁷⁴)
447 647 514 712 deu
532 643 718 732 Supplices
734 644 832 734 (Kuh
847 643 914 710 mit
925 641 1184 710 menschlicher
1199 641 1369 734 προιομή)

191 753 265 818 und
298 753 378 819 dem
407 753 636 819 Prometheus
665 753 726 818 des
754 753 952 836 Aeschylus
983 751 1161 838 (βούκερως
1184 749 1369 840 παρθένος)

193 860 483 941 zusammenldllt,
508 861 603 925 dann
628 859 715 926 wird
738 880 822 925 man
847 858 922 924 sich
946 858 1037 923 doch
1060 855 1227 943 gendtigt
1250 858 1368 939 seben,

192 964 249 1031 die
276 965 568 1052 nachgewiesene
595 953 802 1052 hnderung,
836 965 893 1031 die
923 964 991 1030 mit
1019 965 1087 1031 den
1118 963 1368 1031 Bedfirlnissen

192 1073 254 1138 der
283 1071 462 1158 Tragddie
490 1072 781 1156 iibereinstimmt,
817 1072 908 1138 auch
937 1073 989 1137 als
1017 1072 1127 1137 durch
1152 1071 1209 1136 die
1235 1069 1371 1157 Tragd-

192 1178 249 1245 die
283 1178 432 1246 bewirkt
464 1181 763 1246 anzuerkennen.“
811 1183 911 1245 Haec
946 1179 1218 1264 Eugehnannus
1253 1176 1369 1266 (Arch.

192 1287 312 1370 Jahrb.
340 1291 432 1353 1903.
467 1312 498 1375 p.
515 1288 579 1374 57).

301 1395 401 1477 Quae
424 1392 454 1459 si
478 1417 561 1460 vera
585 1405 711 1476 essent,
740 1393 925 1480 Supplices
952 1392 1014 1460 vix
1041 1403 1122 1479 post
1146 1413 1279 1458 annum
1304 1396 1370 1457 475

196 1499 362 1586 scriptam
387 1523 463 1566 esse
485 1499 639 1567 vasculis
656 1511 749 1566 esset
765 1501 1056 1568 demonstratum.
1104 1500 1174 1568 Sed
1190 1520 1262 1565 non
1283 1497 1371 1565 satis

193 1606 348 1673 evictum
376 1618 431 1673 est
457 1607 544 1673 haec
571 1630 656 1674 vasa
692 1609 736 1673 de
771 1607 955 1693 tragoedia
982 1608 1141 1693 pendere.
1190 1608 1291 1690 Quae
1319 1603 1370 1670 ita

195 1725 397 1799 comparata
424 1725 516 1796 sunt,
545 1725 586 1780 ut
615 1713 750 1801 epicam
775 1714 1000 1781 traditionem
1024 1736 1095 1780 nou
1121 1712 1239 1779 minus
1263 1734 1369 1799 quam

194 1818 365 1906 tragicam
382 1832 503 1888 secuta
520 1844 596 1887 esse
611 1821 809 1907 possint.⁷⁵)
848 1820 1012 1908 Exempli
1035 1819 1150 1907 gratia
1165 1821 1209 1886 de
1225 1819 1370 1885 vasculo

193 1925 293 1993 cuius
316 1926 451 2013 figuras
474 1927 546 1994 iarn
569 1951 590 1994 a
607 1930 759 1994 Melleno
776 1927 968 2014 descriptas
983 1926 1119 2013 primus
1135 1925 1266 2012 publici
1283 1924 1370 1992 iuris

193 2033 277 2100 iecit
302 2033 448 2122 Hoppin
473 2036 504 2122 (l.
522 2034 563 2124 c.)
586 2057 699 2122 pauca
729 2034 852 2101 dicam.
899 2036 1071 2103 Scaeuam
1105 2035 1182 2100 loco
1217 2034 1370 2119 quodam

194 2163 292 2208 sacro
325 2164 401 2208 esse
429 2143 593 2208 columna
620 2152 656 2207 et
684 2165 743 2208 ara
766 2141 949 2208 indicatur.
998 2139 1115 2207 Media
1157 2139 1193 2205 in
1232 2139 1371 2226 pictura

193 2250 331 2334 Argum
355 2247 552 2334 fugientem
579 2248 772 2314 Mercurius
794 2247 913 2334 gladio
934 2246 1056 2314 stricto
1073 2247 1171 2334 petit.
1212 2250 1251 2313 Io
1263 2268 1371 2313 vacca

195 2375 257 2441 per
274 2354 432 2439 virgulta
448 2354 596 2440 aufugit.
628 2355 661 2418 A
677 2353 819 2420 sinistra
834 2365 934 2440 parte
951 2353 1077 2420 mulier
1093 2363 1186 2420 astat
1201 2375 1370 2440 magnam

194 2461 330 2527 clavem
354 2461 491 2535 dextra,
520 2460 662 2528 sinistra
693 2483 802 2528 manu
835 2471 1012 2547 sceptrum
1042 2472 1180 2527 tenens:
1209 2460 1370 2526 sacerdos

195 2566 325 2655 templi.
369 2569 402 2632 A
426 2579 527 2655 tergo
544 2567 620 2634 eius
636 2567 690 2635 vir
706 2569 832 2634 baculo
847 2567 994 2651 inuisuS,
1018 2567 1069 2633 sic
1084 2578 1125 2633 ut
1141 2566 1268 2634 Graeci
1285 2567 1372 2632 sole·

194 2674 293 2759 bant,
328 2673 507 2742 sinistram
541 2674 773 2743 mirabundus
809 2675 908 2742 tollit.
968 2673 1032 2742 Cui
1070 2699 1090 2740 a
1118 2675 1242 2741 dextra
1269 2683 1370 2761 parte

196 2781 323 2848 mulier
350 2792 537 2869 utramque
560 2806 706 2850 manum
732 2785 859 2849 tollens
883 2782 1078 2869 respondet.
1127 2784 1252 2867 Itaque
1273 2784 1371 2868 Hop-

194 2887 314 2974 pinius
343 2893 465 2956 Iouem
492 2889 548 2956 bis
576 2913 652 2957 esse
676 2890 852 2977 depictam
879 2900 992 2977 putat,
1020 2900 1061 2954 ut
1088 2910 1232 2954 vaccam
1264 2897 1300 2953 et
1329 2897 1372 2953 ut

195 2997 420 3063 sacerdotem.
448 2999 500 3062 Ac
521 3020 688 3064 versuum
712 2997 832 3083 Suppl.
858 3001 957 3064 29112
981 3018 1126 3062 memor:

410 3106 591 3192 κλῃδοῦχον
607 3097 720 3187 Ἥρας
743 3104 825 3194 φασὶ
849 3102 1011 3188 δωμάτων
1034 3103 1120 3170 ποτὲ

411 3201 457 3276 ’1ιίΙ
484 3211 643 3299 γενέσθαι
666 3201 739 3295 τῇδ’
760 3212 795 3278 ἐν
818 3201 949 3300 Ἀργείᾳ
972 3209 1072 3294 χθονί

311 3463 352 3539 ⁷⁴)
376 3464 445 3522 Hoc
481 3482 604 3522 carmen
639 3473 709 3522 ante
746 3484 798 3522 eas
836 3465 954 3522 fabulas
988 3465 1142 3539 Aeschyli,
1186 3465 1224 3521 de
1262 3464 1372 3539 quibus

197 3554 356 3628 loquimur,
392 3556 536 3628 scriptum
560 3572 637 3622 esse,
672 3555 795 3611 minime
832 3555 1071 3611 demonstratum
1103 3549 1162 3612 estl
1210 3555 1373 3610 Praeterea

197 3650 436 3700 consentaneum
465 3651 511 3700 est
533 3643 747 3717 Bacchylidem
773 3644 823 3700 Ius
851 3643 980 3701 formam
1007 3661 1025 3700 e
1054 3643 1216 3700 traditione
1240 3642 1372 3717 mythica

196 3732 364 3799 retinuisse,
393 3750 412 3787 a
435 3750 496 3806 qua
519 3740 551 3789 ut
573 3733 740 3808 recederet,
768 3733 840 3789 nihil
865 3751 935 3789 eum
959 3733 1099 3807 cogebat.

304 3833 344 3919 ⁷⁵)
374 3837 419 3895 Cf.
442 3839 565 3906 Robert‚
593 3839 657 3895 Bild
686 3839 748 3895 und
775 3838 850 3896 Lied
875 3837 937 3899 129
959 3857 997 3895 ss.
1043 3838 1221 3913 Nupenime
1250 3835 1372 3895 Gercke

197 3920 270 4008 (Die
308 3927 678 3985 Altertumswissenschast
726 3928 766 3984 im
816 3931 926 3985 letzten
966 3927 1275 4004 Vierteljahrhundert
1323 3926 1372 3983 ed.

197 4015 243 4070 W.
264 4016 349 4074 Kroll
384 4016 478 4077 1905.
506 4016 582 4093 479)
618 4035 787 4075 connexum
820 4018 896 4073 inter
928 4035 1002 4073 vasa
1034 4025 1065 4073 et
1103 4016 1275 4092 tragoedias
1309 4015 1373 4072 iam

196 4105 320 4162 ineunte
353 4108 476 4163 saeculo
506 4107 610 4180 quinto
644 4107 837 4163 statuendum
866 4124 933 4162 esse
966 4106 1116 4180 poposcit.
1163 4105 1223 4161 Sed
1254 4106 1313 4161 hoc
1340 4104 1372 4161 in

197 4195 318 4270 singulis
353 4195 514 4267 tragoediis
542 4196 733 4270 probandum
762 4196 826 4266 erit,
863 4196 893 4251 id
917 4195 999 4269 quod
1027 4195 1057 4251 in
1080 4194 1272 4269 supplicibus
1300 4210 1374 4250 con·

197 4283 298 4358 tigisse
322 4301 409 4358 neg0.
