3136 4914
729 527 839 630 Vita

301 703 417 765 Natus
433 721 513 765 sum
531 699 708 786 Georgius
725 700 853 765 Miiller
868 699 924 765 die
945 704 992 765 19.
1009 698 1141 765 mensis
1153 699 1371 786 Septembris

74 832 78 837 ·
194 831 222 875 a.
244 812 335 873 1884.
373 805 543 872 Cothenis
559 804 843 889 Anhaltinorum,
865 806 925 871 ubi
949 815 1048 892 pater
1063 827 1260 901 ¹puerorum
1275 828 1372 892 prae-

194 913 345 1001 ceptoris
369 935 517 979 munere
541 911 710 1000 iungitur.
760 917 925 979 Parentes
942 911 1148 1001 superstites
1170 935 1245 980 esse
1265 915 1371 1006 valde

195 1022 312 1087 laetor.
361 1018 459 1085 Fidei
486 1018 647 1103 addictus
671 1041 749 1085 sum
774 1018 1007 1106 evangelicae.
1055 1022 1146 1087 Vere
1175 1018 1369 1096 anni41903

116 1204 120 1211 ,
195 1140 383 1215 postquam
400 1125 627 1212 gymnasium
643 1126 778 1214 patriae
793 1149 855 1215 per
870 1148 999 1192 novem
1016 1148 1128 1192 annos
1140 1126 1372 1213 frequentavi,

196 1233 438 1300 testimonium
473 1232 688 1300 maturitatis
724 1235 873 1320 adeptus
909 1233 1048 1321 Lipsias
1081 1233 1234 1320 migravi
1267 1236 1371 1301 rebus

196 1339 420 1429 philologieis
437 1363 578 1429 operam
596 1350 798 1407 navaturus.
844 1343 932 1407 Inde
948 1351 1028 1426 post
1044 1351 1097 1407 ter
1112 1364 1216 1407 senos
1231 1364 1371 1408 menses

196 1447 354 1514 studiose
388 1458 547 1533 peractos
584 1449 696 1513 Halas
731 1449 914 1515 Saxonum
946 1470 1003 1513 me
1038 1447 1185 1531 contuli,
1221 1449 1281 1515 ubi
1311 1472 1373 1538 per

196 1553 382 1641 quinquies
410 1577 514 1620 senos
541 1576 681 1622 menses
706 1553 792 1622 civis
817 1554 1036 1624 academicus
1059 1554 1118 1623 fui.
1166 1542 1381 1623 Docuerunt

194 1684 252 1728 me
276 1687 306 1728 v.
323 1687 356 1728 v.
373 1662 403 1727 d.
420 1663 450 1727 d.

304 1768 519 1854 Lipsienses:
552 1771 596 1833 H.
614 1773 767 1854 Berger
783 1772 814 1854 l,
845 1773 1096 1854 Brugmann,
1129 1774 1173 1834 M.
1200 1770 1378 1853 Heinze,

198 1861 570 1957 Hirt,'lmmisch,
626 1876 888 1960 Lamprecht,
947 1874 1130 1964 Lipsius,
1187 1876 1372 1959 Martini,

198 1983 234 2047 F.
266 1986 391 2064 Marx,
444 1983 580 2068 Mogk,
621 1984 777 2064 Priiier,
820 1981 1052 2066 Schreiber,
1096 1984 1371 2066 Studniczka,

196 2092 380 2172 Volkelt,
405 2089 633 2172 Windisch,
657 2090 928 2158 Wachsmuth
945 2093 976 2176 †,
999 2092 1162 2159 Wundt

305 2199 492 2264 Halenses:
532 2198 620 2280 Aal,
658 2198 798 2280 Abert,
843 2198 1026 2280 Bechtel,
1066 2199 1106 2262 A.
1135 2200 1174 2268 E.
1206 2203 1372 2285 Berger,

199 2306 315 2370 Blass
358 2308 393 2388 †,
437 2309 613 2386 Bremer,
662 2302 965 2390 Dittenberger
1005 2308 1041 2390 ψ,
1093 2305 1221 2388 FrieS,
1270 2307 1372 2389 Ihm,

200 2412 561 2493 Maurenbrccher,
584 2409 719 2492 Riehl,
738 2413 905 2493 Robert,
923 2412 1115 2494 Strauch,
1133 2412 1373 2498 Vaihinger,

198 2517 400 2598 Wilcken,
425 2515 628 2583 Wissovva.

308 2622 552 2689 Proseminarii
576 2622 782 2710 philologici
808 2623 1002 2709 Lipsiensis
1026 2624 1155 2690 sodalis
1176 2626 1226 2690 lui
1243 2649 1305 2711 per
1322 2638 1375 2693 ter
1468 2689 1470 2697 Α

199 2754 302 2796 senos
332 2752 472 2795 menses
504 2729 743 2796 Immischio
778 2731 991 2812 moderante,
1031 2730 1198 2797 Halensis
1226 2755 1288 2820 per
1312 2757 1373 2799 sex

199 2860 337 2905 menses
354 2837 553 2905 Wissovva
577 2847 733 2924 regente.
781 2835 918 2903 Deinde
942 2835 1008 2904 viri
1033 2837 1214 2904 clarissimi
1244 2841 1373 2924 Blass,

201 2944 513 3030 Dittenberger,
536 2944 735 3012 Wissowa
750 2945 1001 3010 benevolenter
1016 2944 1052 3010 in
1070 2943 1247 3012 seminarii
1263 2946 1376 3034 philo-

198 3051 305 3138 logici
322 3051 471 3137 primam
488 3054 634 3117 classem
649 3073 707 3117 me
721 3060 936 3136 receperunt,
953 3050 1053 3117 cuius
1064 3051 1373 3120 exercitationibus

200 3181 261 3244 per
277 3159 331 3224 bis
348 3181 450 3225 senos
466 3181 606 3224 menses
622 3156 774 3241 interlui,
799 3181 860 3224 sex
875 3180 1016 3225 menses
1032 3158 1154 3225 senior.
1192 3164 1373 3227 Praeterea

201 3277 241 3331 ut
268 3263 578 3333 exercitationibus
609 3264 815 3332 interessem
841 3263 997 3350 benigne
1025 3279 1272 3333 concesserunt
1295 3291 1325 3332 v.
1342 3292 1373 3334 v.

201 3373 231 3437 d.
256 3374 286 3437 d.
312 3371 585 3458 archaeologicis
609 3373 633 3439 S
648 3383 661 3437 t
674 3394 697 3437 u
709 3372 731 3437 d
745 3395 768 3436 n
781 3371 792 3436 i
806 3394 824 3437 c
836 3396 854 3436 z
866 3373 891 3436 k
904 3395 937 3455 a,
970 3376 1000 3437 R
1015 3373 1070 3438 ob
1083 3395 1130 3438 er
1143 3384 1169 3455 t,
1198 3372 1374 3440 historicis

200 3479 418 3562 Wilken,
452 3478 692 3565 grammaticis
733 3480 960 3561 Bechtel,
997 3479 1126 3562 Hirt,
1163 3480 1374 3566 germanicis

200 3588 239 3651 A.
265 3588 304 3655 E.
331 3591 495 3674 Berger,
532 3590 706 3667 Bremer,
741 3585 932 3668 Strauch,
968 3585 1219 3673 paedagogicis
1248 3588 1373 3656 Fries.

201 3693 377 3760 Omnibus
409 3693 466 3760 his
498 3693 582 3760 viris
610 3691 856 3759 illustrissimis
884 3704 970 3779 quot
994 3695 1374 3780 quantaque'debeam,

201 3806 384 3887 nunquam
407 3823 478 3867 non
504 3822 638 3867 memor
660 3823 727 3866 ero
775 3799 916 3867 Gratias
940 3811 1059 3866 autem
1080 3822 1185 3886 quam
1201 3799 1375 3868 maximas

201 3930 338 3994 semper
362 3908 499 3974 habebo
524 3908 560 3974 F.
579 3907 738 3974 Blassio
761 3919 985 3995 praematura
1007 3919 1120 3975 morte
1136 3908 1289 3994 abrept0,
1313 3908 1374 3995 qui

201 4011 336 4100 primus
360 4025 400 4080 ut
424 4016 634 4100 opusculum
657 4016 804 4098 ederem,
827 4037 885 4080 me
908 4013 1055 4096 monuit,
1080 4025 1115 4079 et
1139 4015 1173 4080 C.
1192 4017 1374 4082 Roberto

201 4119 261 4207 qui
286 4121 322 4185 in
347 4119 566 4187 conficiendo
591 4143 729 4188 summa
753 4120 1000 4187 benevolentia
1022 4143 1079 4186 me
1103 4119 1247 4187 adiuvit.

683 4318 890 4352 ...φορ-
