3136 4914
667 251 891 314 ..11-

194 453 310 552 ιικραν,
356 463 436 530 «ἔνθα
478 464 531 530 και
569 454 695 560 Ἴναχος
738 457 858 544 ἁλίσας
900 459 955 530 τὸν
998 462 1080 531 tnta
1122 454 1373 551 οονεβοιλεοοεν

195 569 328 652 οἰκίζειν
363 564 401 637 ad
430 575 554 654 πεδίον,
592 564 609 637 ὁ
634 573 670 639 δὲ
705 571 814 652 τόπος
841 572 877 653 ἐξ
909 572 1034 639 ἐκείνου
1061 565 1192 639 Ἀλεαῖα
1218 574 1371 640 καλεῖ-ται.

194 678 347 748 Easdem
381 679 533 764 populus
568 690 685 764 partes
720 679 795 766 egit
831 678 866 744 in
902 703 942 745 ea
981 680 1114 762 fabula,
1150 702 1239 764 quae
1277 681 1370 766 apud

195 785 405 852 Pausaniam
435 789 493 865 (II.
522 790 570 851 19.
596 791 629 866 3)
659 786 802 872 legitur:
839 783 973 858 Δαναὸς
1001 787 1037 853 δὲ
1060 789 1212 872 ἱδρύσατο
1242 783 1372 853 Λύκιον

193 885 392 959 Ἀπόλλωνα
404 886 463 959 ἐπ’
475 891 567 982 αἰτίᾳ
582 896 727 982 τοιαύτῃ.
749 891 1014 983 παραγενόμενος
1030 897 1061 966 ἒς
1075 889 1114 960 τὸ
1124 882 1243 982 ’Ἄργος
1252 897 1373 982 ἠμφισ-

191 999 286 1088 βήτει
313 995 400 1086 πρὸς
426 997 591 1088 Γελάνορα
614 993 673 1067 τὸν
697 1000 844 1068 Σθενέλα
867 1002 947 1086 περὶ
970 1007 1030 1091 τῆς
1045 991 1166 1091 ἀρχῆς·
1202 1000 1373 1090 auditurus*

194 1108 230 1172 δὲ
253 1105 313 1175 ἐπὶ
336 1113 394 1175 roi
418 1105 523 1197 δήμου
548 1098 631 1196 παρ’
662 1099 858 1198 (inmoramur
882 1110 1017 1174 πολλῶν
1045 1135 1075 1174 τι
1104 1107 1160 1174 καὶ
1184 1111 1372 1196 ἐπαγωγῶν

163 1295 165 1299 ,
192 1213 249 1281 nai
276 1206 335 1299 οὔχ
363 1202 463 1304 ἧσσον
493 1212 604 1281 δίκαια
633 1215 737 1304 λέγειν
764 1224 823 1283 τοῦ
849 1223 881 1281 Γ
878 1214 1031 1301 ελοὶνορος
1060 1213 1254 1296 δοξάζοντος
1279 1208 1373 1299 ὁμὲν

195 1323 297 1410 δῆμος
337 1320 524 1409 ’ὑπερέθεῑό
561 1347 664 1411 φασιν
703 1326 735 1394 ἒς
771 1317 830 1406 τήν
868 1322 1032 1389 ἐπιοῦσαν
1065 1326 1177 1412 κρίνειν
1215 1349 1243 1389 κ.
1278 1349 1306 1386 r.
1343 1324 1371 1390 λ.

194 1432 225 1493 Ν
230 1450 269 1494 ee
285 1428 403 1494 minus
427 1427 461 1493 in
488 1427 635 1495 discidio
652 1429 748 1495 Atrei
774 1443 809 1496 et
824 1427 992 1514 Thyestis
1009 1428 1126 1495 contio
1142 1428 1263 1516 populi
1281 1431 1373 1495 vale-

194 1536 266 1602 bat:
296 1537 335 1601 cf.
365 1535 479 1602 Schol.
510 1536 592 1605 Eur.
623 1537 679 1602 Or.
711 1542 769 1601 811
809 1540 891 1620 ἔλεγε
927 1539 960 1600 δὲ
989 1538 1083 1608 αὐτὸς
1115 1540 1148 1602 ἐν
1179 1546 1225 1620 τῷ
1259 1539 1372 1621 πλήθει

194 1670 222 1707 κ.
239 1669 262 1706 τ.
279 1645 304 1707 λ.
352 1645 431 1727 Qua
454 1666 491 1708 re
515 1666 569 1709 res
592 1645 795 1709 Danaidum
819 1643 939 1732 populi
965 1641 1108 1710 arbitrio
1129 1642 1373 1710 diiudicandas

193 1748 382 1835 permissas
411 1773 487 1816 esse
516 1752 713 1836 Aeschylus
744 1751 812 1817 iam
842 1751 877 1815 in
910 1749 1056 1837 antiqua
1088 1751 1208 1817 fabula
1235 1749 1374 1817 invenit

198 1878 345 1943 eamque
369 1870 511 1923 secutus
535 1869 596 1923 est.
644 1857 715 1941 Qui
732 1881 793 1923 cur
809 1858 936 1925 iterum
953 1869 1060 1944 atque
1077 1856 1203 1924 iterum
1221 1879 1371 1923 commo-

195 1975 295 2029 neret
306 1971 413 2048 penes
426 1966 597 2050 populum
609 1976 822 2051 potestatem
835 1987 920 2047 esse,
932 1964 962 2030 si
975 1963 1053 2050 quis
1066 1962 1286 2049 quaesiverit,
1299 1948 1371 2029 non

196 2079 269 2133 tarn
286 2068 501 2154 Argivorum
517 2092 623 2156 quam
637 2069 909 2137 Atheniensium
926 2069 975 2137 rei
990 2069 1152 2156 publicae
1169 2091 1274 2136 causa
1291 2092 1372 2136 eum

197 2177 389 2243 adductum
414 2199 489 2243 esse
505 2177 803 2262 respondebimus.
852 2181 989 2264 Regem
1005 2200 1088 2244 vero
1105 2174 1164 2264 qui
1182 2176 1217 2242 in
1235 2175 1372 2266 Suppli-

197 2282 295 2348 cibus
324 2295 385 2366 est,
415 2307 460 2350 ne
495 2283 593 2350 illum
630 2284 772 2372 quidem
808 2307 887 2351 cum
924 2281 970 2351 eo
998 2307 1089 2371 rege,
1125 2306 1228 2370 quem
1265 2283 1372 2350 etiam

198 2413 291 2456 anno
309 2395 373 2456 480
391 2390 498 2476 Argis
513 2390 622 2457 fuisse
639 2391 777 2476 scimus
802 2414 1003 2478 comparare
1019 2391 1113 2474 licet3
1137 2415 1221 2458 nam
1238 2414 1318 2458 cum
1335 2392 1371 2457 in

196 2499 316 2564 fabula
340 2497 416 2583 ipsa
439 2521 500 2564 rex
516 2500 692 2585 Argorum
717 2512 817 2582 esset,
842 2522 925 2586 rege
941 2499 1156 2585 Aeschylum
1180 2522 1251 2564 non
1273 2509 1373 2585 potu·

197 2605 265 2671 isse
299 2627 414 2671 carere
442 2607 520 2671 luce
549 2605 675 2671 elarius
704 2617 765 2690 est,
802 2606 908 2673 etiam
939 2606 968 2672 si
996 2608 1117 2672 nullus
1146 2629 1187 2672 eo
1216 2618 1372 2691 tempore

197 2713 305 2798 Argis
336 2735 397 2778 rex
425 2711 557 2779 fuisset.
605 2713 671 2782 Est
699 2726 819 2780 autem
846 2736 908 2779 rex
931 2711 1141 2801 Suppliemn
1165 2711 1372 2798 neutiquam

197 2841 314 2885 merus
346 2819 468 2907 populi
502 2820 734 2906 magistratus
762 2831 824 2886 aut
851 2818 1028 2906 impotens
1056 2817 1217 2886 minister
1244 2817 1371 2885 rationi

198 2925 396 2992 reddendae
423 2924 620 3009 obstrictus,
653 2929 792 3013 qualem
820 2928 931 3013 vulgo
960 2928 1108 2993 credunt
1130 2925 1300 3013 illumque
1323 2948 1374 2992 re·

199 3056 281 3121 gem
304 3031 518 3120 Argivorum
547 3036 591 3100 ab
617 3036 799 3101 Herodoto
828 3035 910 3119 (VII
938 3037 1012 3121 148)
1044 3044 1277 3100 memoratum
1305 3032 1372 3099 sibi

197 3139 352 3226 tingunt,
376 3141 437 3206 sed
461 3138 595 3227 regiam
619 3152 830 3227 potestatem
855 3165 892 3208 se
917 3153 1035 3208 tenere
1059 3152 1095 3208 et
1110 3138 1253 3226 exsequi
1270 3162 1373 3227 posse

198 3246 273 3332 ipse
297 3258 446 3313 testatur
471 3273 500 3313 v.
526 3252 589 3313 399
615 3272 639 3314 ε.

678 3396 809 3458 ...οὐκ
833 3397 909 3458 ἄνευ
935 3396 1040 3476 δῆμον
1064 3394 1138 3456 τάδε

520 3502 671 3583 πράξαιμ’
696 3494 737 3565 ἂν
760 3503 837 3566 οὐδέ
859 3525 918 3583 περ
943 3507 1071 3582 κρατῶν

199 3659 299 3742 „nolo
323 3658 399 3725 sine
423 3660 554 3745 populo
570 3661 657 3725 haec
673 3682 794 3745 gerere
810 3681 1024 3746 quamquam
1040 3657 1227 3744 imperium
1244 3661 1373 3725 teneo“.

201 3767 318 3850 Quare
346 3778 387 3833 ut
415 3767 458 3832 de
483 3764 704 3833 Danaidibus
734 3764 942 3854 recipiendis
971 3767 1016 3831 ad
1043 3767 1214 3852 populum
1238 3765 1372 3848 referat,

199 3895 271 3938 non
296 3872 505 3940 necessitate
527 3872 684 3938 muneris
709 3872 856 3959 cogitur,
880 3875 939 3938 sed
965 3896 1029 3939 sua
1053 3883 1180 3958 sponte
1199 3884 1234 3938 et
1250 3872 1373 3937 volun-

200 3990 273 4045 tate
295 3992 465 4046 movetur.
514 3981 644 4047 Contra
668 4005 698 4046 ν.
724 3984 823 4048 69819

574 4144 730 4225 φυλάσσοι
754 4144 781 4205 d'
806 4145 958 4225 ἀτρεμαῖα
980 4145 1070 4224 τιμάς

467 4251 501 4314 τὸ
526 4253 640 4332 δάμιον
663 4250 698 4314 τὸ
720 4250 826 4313 πτόλιν
849 4251 992 4332 κρατύνει
