3136 4914
678 301 899 368 ,64-

196 527 405 601 argumenta
429 527 585 604 repetere
609 516 795 583 nonlicet
843 520 1024 583 Praeterea
1046 516 1075 583 si
1099 529 1161 584 aut
1175 516 1287 586 Weilii
1303 529 1365 585 aut

197 621 382 689 Schroderi
407 622 595 690 lectionem
618 623 800 710 sequimur

621 748 690 817 οἰοῖ
711 754 815 834 πάτερ
837 749 942 817 iamb.

408 860 537 940 βρέτεος
560 861 641 941 ἄρος
662 861 726 925 ἄτα
750 859 886 924 dochm.
911 857 1031 944 (Weil)

406 963 552 1049 βρετέων
573 967 653 1048 ἄρος
674 969 736 1032 ἄτα
760 965 839 1033 trin.
864 965 1034 1053 (Schrfrd)

620 1075 710 1157 μάλα
734 1076 761 1138 δ’
784 1076 855 1162 ἄγει
881 1071 993 1139 cretic

622 1185 762 1267 ἄραχνος
785 1173 830 1253 ὦς
851 1179 959 1269 βάδην
981 1180 1116 1246 dochnt

195 1300 253 1369 hic
276 1324 346 1371 nou
372 1303 491 1372 minus
514 1329 620 1392 quarn
648 1306 834 1394 permultis
862 1305 932 1371 illis
959 1305 1044 1372 locis
1071 1315 1184 1371 certae
1207 1302 1365 1369 lectionis

192 1431 234 1475 ea
251 1410 307 1479 lex
321 1412 423 1496 valet,
440 1435 509 1501 qua
525 1413 566 1480 in
583 1414 856 1504 Supplicibus
872 1412 1152 1479 dochmiorum
1166 1412 1365 1476 decursus

193 1514 313 1585 hiatu
338 1530 409 1585 aut
433 1522 595 1606 syllaba
618 1521 795 1608 ancipiti
819 1543 1023 1608 nusquam
1039 1516 1363 1605 interrumpitur.

193 1624 313 1709 Quare
329 1625 357 1693 si
375 1638 607 1713 systematum
624 1629 910 1696 dochmiacorum
922 1625 1210 1716 compositionem
1220 1635 1365 1711 spectas,

195 1729 380 1821 Supplices
393 1733 536 1823 Septem
553 1747 646 1804 certe
662 1747 779 1804 aetate
792 1736 1014 1802 antecedunt
1043 1735 1131 1800 Inde
1142 1744 1260 1799 autem
1270 1731 1363 1817 quod

194 1834 228 1907 iu
257 1838 369 1909 Persiu
393 1853 586 1926 systemata
609 1843 816 1910 dochmiaca
839 1845 977 1924 desunt,
1001 1847 1123 1909 Persas
1141 1837 1365 1928 Supplicibus

193 1943 408 2035 antiquiores
431 1971 508 2015 esse
531 1972 602 2018 non
620 1951 720 2037 sequi
736 1950 808 2017 iam
823 1973 929 2039 supra
944 1948 1075 2015 monui
1113 1946 1258 2014 Accedit
1271 1946 1365 2031 quod

195 2053 434 2125 [masuacuius
458 2067 494 2124 et
509 2058 751 2145 Westphalius
773 2057 842 2147 ipsi
863 2080 935 2125 non
951 2056 1118 2144 ignorant
1133 2051 1313 2120 dochmios
1327 2051 1365 2116 in

193 2158 377 2249 Soplruclis
394 2162 529 2249 Traeis,
546 2164 582 2232 in
601 2166 782 2253 Euripidis
797 2169 872 2235 Alc.
891 2167 981 2251 Cycl.
998 2165 1120 2253 SuppL
1127 2164 1257 2244 deesse,
1272 2161 1367 2225 unde

193 2263 279 2335 uiui!
305 2269 491 2339 decorum
517 2273 715 2340 tabularum
741 2274 957 2362 temporibus
980 2269 1140 2339 concludi
1163 2267 1281 2356 possit
1314 2268 1366 2332 Ac

193 2391 237 2437 ue
261 2371 295 2442 iu
325 2377 531 2445 l’rouretheo
556 2378 706 2467 quidem,
731 2379 791 2466 qui
808 2392 843 2447 et
860 2379 973 2447 Persis
989 2390 1025 2447 et
1038 2380 1183 2464 Septem
1197 2372 1368 2463 posterior

192 2488 253 2561 est,
278 2491 468 2561 systemata
493 2485 699 2554 docluuiaca
715 2487 948 2556 inveniuntur
970 2485 1038 2553 nisi
1054 2507 1202 2575 parvum
1217 2482 1366 2570 aliquod.

306 2587 372 2657 uis
403 2613 493 2681 quoe
528 2593 644 2661 adhuc
675 2608 880 2682 persecutus
918 2616 1010 2679 sum,
1050 2616 1130 2660 cum
1160 2592 1366 2680 Supplicum

192 2715 329 2763 suuuua
347 2707 505 2767 vetustas
522 2699 607 2768 satis
623 2702 865 2770 demonstrata
881 2725 958 2769 esse
972 2702 1142 2783 videatur,
1158 2710 1368 2786 argumenta

192 2799 347 2887 elingua
361 2808 551 2893 repetenda
564 2808 705 2877 silentio
721 2811 976 2898 praetereunda
991 2832 1063 2876 non
1079 2820 1171 2875 sunt
1194 2812 1311 2895 Atque
1322 2830 1368 2873 ex

192 2907 496 2980 observationibus
513 2936 643 3000 eorum,
660 2917 718 3004 qui
736 2917 875 2984 dicendi
892 2940 978 2984 usus
994 2918 1154 3003 exempla
1170 2915 1368 3001 colligendo

193 3023 228 3076 et
252 3019 470 3085 numerando
496 3042 637 3108 operatu
666 3036 897 3107 navaverunt,
922 3046 1002 3091 cum
1022 3023 1080 3090 hic
1099 3024 1171 3090 illic
1191 3022 1367 3109 dispersae

193 3119 335 3204 lateant,
369 3145 438 3191 uou
471 3124 650 3211 iugrutuur
680 3130 745 3197 erit
773 3154 841 3214 eas
876 3154 967 3218 quae
994 3130 1073 3197 usui
1107 3153 1182 3196 esse
1208 3141 1366 3216 possunt,

193 3228 357 3312 conferre,
381 3229 446 3297 etsi
465 3233 650 3324 pleraeque
674 3260 736 3305 eae
760 3249 852 3322 sunt,
881 3237 1009 3326 quibus
1037 3237 1245 3305 numerandi
1268 3235 1366 3319 ratio,

193 3344 344 3416 quantos
369 3335 402 3404 iu
429 3360 561 3407 errores
583 3341 735 3428 inducat,
756 3357 932 3433 appareat.
971 3346 1114 3415 Etenim
1134 3346 1365 3430 Weberus¹³³)

192 3435 275 3503 inde
299 3443 390 3527 q¹¹⁰d
423 3443 457 3513 iu
486 3447 596 3517 Persis
625 3463 660 3519 et
689 3451 724 3519 iu
750 3453 893 3541 Septem
922 3455 1061 3521 nullum
1088 3453 1288 3539 exemplum
1310 3449 1366 3533 sit,

193 3542 229 3609 iu
255 3567 324 3632 quo
348 3550 532 3621 enuntiata
558 3553 678 3625 iiuulia
695 3558 944 3628 coniunctione
961 3553 1052 3642 ὅπως
1068 3560 1188 3628 addito
1211 3563 1251 3625 ἄν
1266 3556 1367 3624 indu-

193 3661 324 3734 cantur,
336 3652 370 3721 iu
385 3655 619 3747 Supplicibuu,
636 3666 851 3748 Prometheo,
860 3667 1138 3752 Agamemnone,
1151 3662 1367 3752 Choephoris

192 3755 341 3843 singula,
367 3760 401 3828 in
428 3764 685 3837 Eurueuidibus
710 3772 780 3840 duo
804 3775 964 3860 exempla
985 3772 1221 3848 inveniantur,
1245 3776 1367 3838 Persas

193 3872 228 3927 et
251 3865 393 3953 Septem
423 3871 546 3940 ceteris
571 3875 699 3944 fabulis
723 3879 938 3968 antiquiores
962 3903 1038 3947 esse
1062 3879 1218 3946 coniecit
1266 3880 1367 3963 Quae

192 3991 297 4054 quam
321 3998 391 4041 non
409 3999 491 4045 vera
508 3978 587 4061 siut,
613 3984 733 4051 tabula
749 4007 779 4072 p.
799 3992 840 4053 79
853 4011 874 4053 a
890 3989 1039 4056 Webero
1056 3985 1249 4073 composita
1263 3984 1368 4052 facile

191 4098 403 4111 Ἢ,-

302 4175 357 4252 133)
382 4178 774 4262 Entwicklungsgeschichte
810 4189 864 4246 der
898 4189 1125 4248 Absichtssdtze
1159 4210 1204 4244 =
1237 4189 1368 4246 Schanz:

191 4261 278 4325 Beitr.
304 4284 354 4322 zur
377 4267 478 4326 histor.
502 4272 611 4346 Syntax
635 4276 663 4332 d.
687 4275 797 4349 griech.
821 4278 964 4352 Sprache.
987 4278 1073 4337 11.1.
1099 4276 1192 4338 1884.
