<?xml version="1.0" encoding="UTF-8"?>
<!DOCTYPE html PUBLIC "-//W3C//DTD XHTML 1.0 Transitional//EN"
    "http://www.w3.org/TR/xhtml1/DTD/xhtml1-transitional.dtd">
<html xmlns="http://www.w3.org/1999/xhtml" xml:lang="en" lang="en">
 <head>
  <title>
</title>
<meta http-equiv="Content-Type" content="text/html;charset=utf-8" />
  <meta name='ocr-system' content='tesseract 3.04.00' />
  <meta name='ocr-capabilities' content='ocr_page ocr_carea ocr_par ocr_line ocrx_word'/>
</head>
<body>
  <div class='ocr_page' id='page_1' title='image "./deaeschylisuppl00mlgoog_0012.png"; bbox 0 0 3136 4914; ppageno 0'>
   <div class='ocr_carea' id='block_1_1' title="bbox 725 283 944 348">
    <p class='ocr_par' dir='ltr' id='par_1_1' title="bbox 725 283 944 348">
     <span class='ocr_line' id='line_1_1' title="bbox 725 283 944 348; baseline -0.005 -15"><span class='ocrx_word' id='word_1_1' title='bbox 725 283 944 348; x_wconf 57' lang='lat'>..10-</span> 
     </span>
    </p>
   </div>
   <div class='ocr_carea' id='block_1_2' title="bbox 162 492 1433 3612">
    <p class='ocr_par' dir='ltr' id='par_1_2' title="bbox 162 492 1433 1658">
     <span class='ocr_line' id='line_1_2' title="bbox 254 492 1433 586; baseline -0.006 -21"><span class='ocrx_word' id='word_1_2' title='bbox 254 502 297 565; x_wconf 93' lang='lat' dir='ltr'>de</span> <span class='ocrx_word' id='word_1_3' title='bbox 313 522 396 584; x_wconf 78' lang='lat' dir='ltr'>rege</span> <span class='ocrx_word' id='word_1_4' title='bbox 412 499 627 586; x_wconf 83' lang='lat' dir='ltr'>Argiuorum</span> <span class='ocrx_word' id='word_1_5' title='bbox 645 501 816 565; x_wconf 90' lang='lat' dir='ltr'>nonnulla</span> <span class='ocrx_word' id='word_1_6' title='bbox 833 496 981 564; x_wconf 82' lang='lat' dir='ltr'>dicenda</span> <span class='ocrx_word' id='word_1_7' title='bbox 999 509 1089 563; x_wconf 88' lang='lat' dir='ltr'>sunt.</span> <span class='ocrx_word' id='word_1_8' title='bbox 1124 501 1216 561; x_wconf 88' lang='lat' dir='ltr'>Nam</span> <span class='ocrx_word' id='word_1_9' title='bbox 1235 492 1433 561; x_wconf 83' lang='lat' dir='ltr'>Pausanias</span> 
     </span>
     <span class='ocr_line' id='line_1_3' title="bbox 252 598 1432 692; baseline -0.003 -21"><span class='ocrx_word' id='word_1_10' title='bbox 252 611 310 690; x_wconf 83' lang='grc' dir='ltr'><strong>(ΙΙ,</strong></span> <span class='ocrx_word' id='word_1_11' title='bbox 332 612 378 672; x_wconf 86' lang='grc'>19,</span> <span class='ocrx_word' id='word_1_12' title='bbox 397 611 429 689; x_wconf 84' lang='grc'>2)</span> <span class='ocrx_word' id='word_1_13' title='bbox 442 629 562 692; x_wconf 85' lang='lat' dir='ltr'>regem</span> <span class='ocrx_word' id='word_1_14' title='bbox 580 609 724 672; x_wconf 82' lang='lat' dir='ltr'>Meltam</span> <span class='ocrx_word' id='word_1_15' title='bbox 742 630 762 672; x_wconf 92' lang='lat' dir='ltr'>a</span> <span class='ocrx_word' id='word_1_16' title='bbox 778 606 909 692; x_wconf 91' lang='lat' dir='ltr'>populo</span> <span class='ocrx_word' id='word_1_17' title='bbox 926 606 1113 691; x_wconf 86' lang='lat' dir='ltr'>expulsum</span> <span class='ocrx_word' id='word_1_18' title='bbox 1128 598 1206 669; x_wconf 51' lang='lat' dir='ltr'>¹esse</span> <span class='ocrx_word' id='word_1_19' title='bbox 1221 613 1353 683; x_wconf 76' lang='lat' dir='ltr'>narrat3</span> <span class='ocrx_word' id='word_1_20' title='bbox 1379 612 1432 668; x_wconf 87' lang='lat' dir='ltr'>ta-</span> 
     </span>
     <span class='ocr_line' id='line_1_4' title="bbox 252 708 1431 800; baseline -0.005 -21"><span class='ocrx_word' id='word_1_21' title='bbox 252 737 331 780; x_wconf 85' lang='lat' dir='ltr'>men</span> <span class='ocrx_word' id='word_1_22' title='bbox 364 713 469 780; x_wconf 89' lang='lat' dir='ltr'>etiam</span> <span class='ocrx_word' id='word_1_23' title='bbox 499 726 578 799; x_wconf 86' lang='lat' dir='ltr'>post</span> <span class='ocrx_word' id='word_1_24' title='bbox 608 715 752 780; x_wconf 87' lang='lat' dir='ltr'>Meltam</span> <span class='ocrx_word' id='word_1_25' title='bbox 782 735 883 799; x_wconf 84' lang='lat' dir='ltr'>reges</span> <span class='ocrx_word' id='word_1_26' title='bbox 912 712 1070 800; x_wconf 84' lang='lat' dir='ltr'>potentia</span> <span class='ocrx_word' id='word_1_27' title='bbox 1099 709 1260 798; x_wconf 86' lang='lat' dir='ltr'>quamvis</span> <span class='ocrx_word' id='word_1_28' title='bbox 1289 708 1431 775; x_wconf 90' lang='lat' dir='ltr'>minuta</span> 
     </span>
     <span class='ocr_line' id='line_1_5' title="bbox 251 819 1430 908; baseline -0.005 -22"><span class='ocrx_word' id='word_1_29' title='bbox 251 822 359 908; x_wconf 87' lang='lat' dir='ltr'>Argis</span> <span class='ocrx_word' id='word_1_30' title='bbox 383 821 492 886; x_wconf 83' lang='lat' dir='ltr'>luisse</span> <span class='ocrx_word' id='word_1_31' title='bbox 523 822 725 886; x_wconf 86' lang='lat' dir='ltr'>Herodotus</span> <span class='ocrx_word' id='word_1_32' title='bbox 755 823 836 903; x_wconf 87' lang='lat' dir='ltr'><strong>(VII</strong></span> <span class='ocrx_word' id='word_1_33' title='bbox 865 820 938 906; x_wconf 83' lang='grc'><strong>148)</strong></span> <span class='ocrx_word' id='word_1_34' title='bbox 970 831 1004 885; x_wconf 88' lang='lat' dir='ltr'>et</span> <span class='ocrx_word' id='word_1_35' title='bbox 1030 819 1239 884; x_wconf 86' lang='lat' dir='ltr'>Plutarchus</span> <span class='ocrx_word' id='word_1_36' title='bbox 1250 820 1290 903; x_wconf 70' lang='grc' dir='ltr'>ι1)</span> <span class='ocrx_word' id='word_1_37' title='bbox 1319 827 1430 883; x_wconf 89' lang='lat' dir='ltr'>testes</span> 
     </span>
     <span class='ocr_line' id='line_1_6' title="bbox 253 925 1432 1014; baseline -0.006 -20"><span class='ocrx_word' id='word_1_38' title='bbox 253 941 343 994; x_wconf 90' lang='lat' dir='ltr'>sunt.</span> <span class='ocrx_word' id='word_1_39' title='bbox 398 933 521 1014; x_wconf 85' lang='lat' dir='ltr'>ltaque</span> <span class='ocrx_word' id='word_1_40' title='bbox 550 951 594 993; x_wconf 91' lang='lat' dir='ltr'>ne</span> <span class='ocrx_word' id='word_1_41' title='bbox 624 951 668 994; x_wconf 89' lang='lat' dir='ltr'>ex</span> <span class='ocrx_word' id='word_1_42' title='bbox 697 929 747 993; x_wconf 89' lang='lat' dir='ltr'>eis</span> <span class='ocrx_word' id='word_1_43' title='bbox 776 927 926 1013; x_wconf 86' lang='lat' dir='ltr'>quidem,</span> <span class='ocrx_word' id='word_1_44' title='bbox 962 949 1052 1012; x_wconf 90' lang='lat' dir='ltr'>quae</span> <span class='ocrx_word' id='word_1_45' title='bbox 1081 928 1124 991; x_wconf 82' lang='lat' dir='ltr'>(le</span> <span class='ocrx_word' id='word_1_46' title='bbox 1152 925 1296 1012; x_wconf 84' lang='lat' dir='ltr'>regibus</span> <span class='ocrx_word' id='word_1_47' title='bbox 1325 925 1432 1009; x_wconf 79' lang='lat' dir='ltr'>Argi-</span> 
     </span>
     <span class='ocr_line' id='line_1_7' title="bbox 162 1031 1430 1120; baseline -0.005 -19"><span class='ocrx_word' id='word_1_48' title='bbox 162 1050 165 1054; x_wconf 82' lang='grc'><em>“</em></span> <span class='ocrx_word' id='word_1_49' title='bbox 253 1058 376 1101; x_wconf 88' lang='lat' dir='ltr'>vorum</span> <span class='ocrx_word' id='word_1_50' title='bbox 412 1035 550 1117; x_wconf 69' lang='lat' dir='ltr'>scimus</span> <span class='ocrx_word' id='word_1_51' title='bbox 579 1035 860 1101; x_wconf 88' lang='lat' dir='ltr'>concludendum</span> <span class='ocrx_word' id='word_1_52' title='bbox 892 1046 953 1116; x_wconf 82' lang='lat' dir='ltr'>est,</span> <span class='ocrx_word' id='word_1_53' title='bbox 992 1033 1112 1120; x_wconf 92' lang='lat' dir='ltr'>populi</span> <span class='ocrx_word' id='word_1_54' title='bbox 1149 1031 1430 1098; x_wconf 83' lang='lat' dir='ltr'>dominationem</span> 
     </span>
     <span class='ocr_line' id='line_1_8' title="bbox 253 1140 1429 1229; baseline -0.004 -22"><span class='ocrx_word' id='word_1_55' title='bbox 253 1154 336 1208; x_wconf 90' lang='lat' dir='ltr'>ante</span> <span class='ocrx_word' id='word_1_56' title='bbox 360 1165 492 1208; x_wconf 91' lang='lat' dir='ltr'>annum</span> <span class='ocrx_word' id='word_1_57' title='bbox 518 1148 582 1207; x_wconf 81' lang='lat'>480</span> <span class='ocrx_word' id='word_1_58' title='bbox 606 1142 713 1229; x_wconf 86' lang='lat' dir='ltr'>Argis</span> <span class='ocrx_word' id='word_1_59' title='bbox 738 1141 967 1208; x_wconf 76' lang='lat' dir='ltr'>constitutam</span> <span class='ocrx_word' id='word_1_60' title='bbox 985 1163 1067 1206; x_wconf 88' lang='lat' dir='ltr'>esse.</span> <span class='ocrx_word' id='word_1_61' title='bbox 1110 1140 1213 1224; x_wconf 84' lang='lat' dir='ltr'>Quod</span> <span class='ocrx_word' id='word_1_62' title='bbox 1238 1163 1307 1225; x_wconf 89' lang='lat' dir='ltr'>quo</span> <span class='ocrx_word' id='word_1_63' title='bbox 1332 1160 1429 1203; x_wconf 91' lang='lat' dir='ltr'>anno</span> 
     </span>
     <span class='ocr_line' id='line_1_9' title="bbox 251 1247 1429 1335; baseline -0.002 -22"><span class='ocrx_word' id='word_1_64' title='bbox 251 1261 332 1335; x_wconf 90' lang='lat' dir='ltr'>post</span> <span class='ocrx_word' id='word_1_65' title='bbox 356 1274 383 1315; x_wconf 89' lang='lat' dir='ltr'>a.</span> <span class='ocrx_word' id='word_1_66' title='bbox 402 1255 466 1315; x_wconf 77' lang='lat'>480</span> <span class='ocrx_word' id='word_1_67' title='bbox 490 1252 622 1316; x_wconf 82' lang='lat' dir='ltr'>factum</span> <span class='ocrx_word' id='word_1_68' title='bbox 639 1251 693 1331; x_wconf 88' lang='lat' dir='ltr'>sit,</span> <span class='ocrx_word' id='word_1_69' title='bbox 719 1248 931 1315; x_wconf 83' lang='lat' dir='ltr'>testimoniis</span> <span class='ocrx_word' id='word_1_70' title='bbox 947 1247 1108 1314; x_wconf 86' lang='lat' dir='ltr'>destituti</span> <span class='ocrx_word' id='word_1_71' title='bbox 1127 1247 1342 1334; x_wconf 69' lang='lat' dir='ltr'>ignoramus</span> <span class='ocrx_word' id='word_1_72' title='bbox 1365 1247 1429 1311; x_wconf 87' lang='lat' dir='ltr'>sed</span> 
     </span>
     <span class='ocr_line' id='line_1_10' title="bbox 250 1353 1429 1441; baseline -0.003 -19"><span class='ocrx_word' id='word_1_73' title='bbox 250 1359 281 1441; x_wconf 89' lang='lat' dir='ltr'>J.</span> <span class='ocrx_word' id='word_1_74' title='bbox 309 1359 435 1422; x_wconf 89' lang='lat' dir='ltr'>Beloch</span> <span class='ocrx_word' id='word_1_75' title='bbox 448 1362 488 1439; x_wconf 79' lang='grc'>19)</span> <span class='ocrx_word' id='word_1_76' title='bbox 524 1370 617 1423; x_wconf 88' lang='lat' dir='ltr'>recte</span> <span class='ocrx_word' id='word_1_77' title='bbox 645 1355 732 1422; x_wconf 93' lang='lat' dir='ltr'>mihi</span> <span class='ocrx_word' id='word_1_78' title='bbox 763 1357 902 1422; x_wconf 86' lang='lat' dir='ltr'>videtur</span> <span class='ocrx_word' id='word_1_79' title='bbox 931 1355 1093 1439; x_wconf 79' lang='lat' dir='ltr'>iudicare,</span> <span class='ocrx_word' id='word_1_80' title='bbox 1122 1378 1201 1420; x_wconf 90' lang='lat' dir='ltr'>cum</span> <span class='ocrx_word' id='word_1_81' title='bbox 1231 1353 1325 1420; x_wconf 86' lang='lat' dir='ltr'>dieat</span> <span class='ocrx_word' id='word_1_82' title='bbox 1353 1376 1429 1420; x_wconf 88' lang='lat' dir='ltr'>rem</span> 
     </span>
     <span class='ocr_line' id='line_1_11' title="bbox 251 1461 1430 1551; baseline -0.003 -22"><span class='ocrx_word' id='word_1_83' title='bbox 251 1463 429 1549; x_wconf 91' lang='lat' dir='ltr'>publicam</span> <span class='ocrx_word' id='word_1_84' title='bbox 454 1489 473 1529; x_wconf 85' lang='lat' dir='ltr'>a</span> <span class='ocrx_word' id='word_1_85' title='bbox 498 1467 630 1551; x_wconf 90' lang='lat' dir='ltr'>populo</span> <span class='ocrx_word' id='word_1_86' title='bbox 659 1476 789 1530; x_wconf 88' lang='lat' dir='ltr'>rectam</span> <span class='ocrx_word' id='word_1_87' title='bbox 814 1466 936 1530; x_wconf 89' lang='lat' dir='ltr'>eodem</span> <span class='ocrx_word' id='word_1_88' title='bbox 965 1466 1035 1529; x_wconf 81' lang='lat' dir='ltr'>fere</span> <span class='ocrx_word' id='word_1_89' title='bbox 1062 1475 1217 1548; x_wconf 90' lang='lat' dir='ltr'>tempore</span> <span class='ocrx_word' id='word_1_90' title='bbox 1242 1484 1310 1548; x_wconf 93' lang='lat' dir='ltr'>quo</span> <span class='ocrx_word' id='word_1_91' title='bbox 1335 1461 1430 1526; x_wconf 86' lang='lat' dir='ltr'>The-</span> 
     </span>
     <span class='ocr_line' id='line_1_12' title="bbox 254 1569 1279 1658; baseline 0 -22"><span class='ocrx_word' id='word_1_92' title='bbox 254 1571 309 1636; x_wconf 87' lang='lat' dir='ltr'>bis</span> <span class='ocrx_word' id='word_1_93' title='bbox 332 1578 472 1658; x_wconf 86' lang='lat' dir='ltr'>(nempe</span> <span class='ocrx_word' id='word_1_94' title='bbox 497 1595 590 1637; x_wconf 92' lang='lat' dir='ltr'>anno</span> <span class='ocrx_word' id='word_1_95' title='bbox 615 1574 686 1637; x_wconf 87' lang='lat' dir='ltr'>fere</span> <span class='ocrx_word' id='word_1_96' title='bbox 711 1577 787 1653; x_wconf 82' lang='lat'><strong>479)</strong></span> <span class='ocrx_word' id='word_1_97' title='bbox 812 1570 917 1657; x_wconf 86' lang='lat' dir='ltr'>Argis</span> <span class='ocrx_word' id='word_1_98' title='bbox 942 1594 1018 1636; x_wconf 83' lang='lat' dir='ltr'>esse</span> <span class='ocrx_word' id='word_1_99' title='bbox 1042 1569 1279 1636; x_wconf 85' lang='lat' dir='ltr'>constitutam.</span> 
     </span>
    </p>

    <p class='ocr_par' dir='ltr' id='par_1_3' title="bbox 250 1677 1430 2624">
     <span class='ocr_line' id='line_1_13' title="bbox 359 1677 1428 1765; baseline -0.001 -24"><span class='ocrx_word' id='word_1_100' title='bbox 359 1681 484 1764; x_wconf 84' lang='lat' dir='ltr'>ltaque</span> <span class='ocrx_word' id='word_1_101' title='bbox 523 1679 551 1742; x_wconf 90' lang='lat' dir='ltr'>si</span> <span class='ocrx_word' id='word_1_102' title='bbox 593 1701 713 1744; x_wconf 81' lang='lat' dir='ltr'>verum</span> <span class='ocrx_word' id='word_1_103' title='bbox 754 1691 845 1745; x_wconf 85' lang='lat' dir='ltr'>esset</span> <span class='ocrx_word' id='word_1_104' title='bbox 880 1680 1093 1762; x_wconf 76' lang='lat' dir='ltr'>Aeschylum</span> <span class='ocrx_word' id='word_1_105' title='bbox 1132 1678 1165 1742; x_wconf 93' lang='lat' dir='ltr'>in</span> <span class='ocrx_word' id='word_1_106' title='bbox 1199 1677 1428 1765; x_wconf 86' lang='lat' dir='ltr'>Supplicibus</span> 
     </span>
     <span class='ocr_line' id='line_1_14' title="bbox 252 1783 1429 1872; baseline 0.001 -24"><span class='ocrx_word' id='word_1_107' title='bbox 252 1783 300 1849; x_wconf 89' lang='lat' dir='ltr'>rei</span> <span class='ocrx_word' id='word_1_108' title='bbox 325 1784 488 1871; x_wconf 87' lang='lat' dir='ltr'>publicae</span> <span class='ocrx_word' id='word_1_109' title='bbox 512 1785 726 1872; x_wconf 82' lang='lat' dir='ltr'>Argivorum</span> <span class='ocrx_word' id='word_1_110' title='bbox 752 1797 892 1867; x_wconf 81' lang='lat' dir='ltr'>statum,</span> <span class='ocrx_word' id='word_1_111' title='bbox 917 1784 1030 1872; x_wconf 84' lang='lat' dir='ltr'>qualis</span> <span class='ocrx_word' id='word_1_112' title='bbox 1055 1808 1118 1851; x_wconf 91' lang='lat' dir='ltr'>suo</span> <span class='ocrx_word' id='word_1_113' title='bbox 1143 1783 1253 1872; x_wconf 90' lang='lat' dir='ltr'>ipsius</span> <span class='ocrx_word' id='word_1_114' title='bbox 1271 1796 1429 1870; x_wconf 89' lang='lat' dir='ltr'>tempore</span> 
     </span>
     <span class='ocr_line' id='line_1_15' title="bbox 252 1891 1429 1981; baseline 0.002 -25"><span class='ocrx_word' id='word_1_115' title='bbox 252 1903 334 1974; x_wconf 88' lang='lat' dir='ltr'>erat,</span> <span class='ocrx_word' id='word_1_116' title='bbox 360 1891 394 1956; x_wconf 91' lang='lat' dir='ltr'>in</span> <span class='ocrx_word' id='word_1_117' title='bbox 421 1891 540 1958; x_wconf 90' lang='lat' dir='ltr'>animo</span> <span class='ocrx_word' id='word_1_118' title='bbox 564 1893 738 1977; x_wconf 84' lang='lat' dir='ltr'>habuisse,</span> <span class='ocrx_word' id='word_1_119' title='bbox 763 1905 841 1981; x_wconf 86' lang='lat' dir='ltr'>post</span> <span class='ocrx_word' id='word_1_120' title='bbox 866 1917 893 1959; x_wconf 89' lang='lat' dir='ltr'>a.</span> <span class='ocrx_word' id='word_1_121' title='bbox 913 1897 977 1958; x_wconf 80' lang='lat'>480</span> <span class='ocrx_word' id='word_1_122' title='bbox 998 1893 1182 1980; x_wconf 86' lang='lat' dir='ltr'>Supplices</span> <span class='ocrx_word' id='word_1_123' title='bbox 1207 1893 1309 1957; x_wconf 81' lang='lat' dir='ltr'>(locta</span> <span class='ocrx_word' id='word_1_124' title='bbox 1326 1904 1429 1958; x_wconf 87' lang='lat' dir='ltr'>esset.</span> 
     </span>
     <span class='ocr_line' id='line_1_16' title="bbox 251 1996 1430 2087; baseline 0.002 -24"><span class='ocrx_word' id='word_1_125' title='bbox 251 1996 386 2065; x_wconf 83' lang='lat' dir='ltr'>Tamen</span> <span class='ocrx_word' id='word_1_126' title='bbox 424 2002 490 2066; x_wconf 91' lang='lat' dir='ltr'>hoc</span> <span class='ocrx_word' id='word_1_127' title='bbox 519 2001 656 2066; x_wconf 87' lang='lat' dir='ltr'>credere</span> <span class='ocrx_word' id='word_1_128' title='bbox 680 2013 841 2068; x_wconf 88' lang='lat' dir='ltr'>vetamur</span> <span class='ocrx_word' id='word_1_129' title='bbox 868 2024 908 2065; x_wconf 87' lang='lat' dir='ltr'>ea</span> <span class='ocrx_word' id='word_1_130' title='bbox 936 2023 981 2075; x_wconf 89' lang='lat' dir='ltr'>re,</span> <span class='ocrx_word' id='word_1_131' title='bbox 1014 1999 1201 2087; x_wconf 90' lang='lat' dir='ltr'>quodiam</span> <span class='ocrx_word' id='word_1_132' title='bbox 1226 2001 1261 2064; x_wconf 91' lang='lat' dir='ltr'>in</span> <span class='ocrx_word' id='word_1_133' title='bbox 1287 2000 1430 2066; x_wconf 86' lang='lat' dir='ltr'>fabulae</span> 
     </span>
     <span class='ocr_line' id='line_1_17' title="bbox 250 2106 1428 2195; baseline 0.002 -24"><span class='ocrx_word' id='word_1_134' title='bbox 250 2107 477 2173; x_wconf 81' lang='lat' dir='ltr'>huiusforma</span> <span class='ocrx_word' id='word_1_135' title='bbox 487 2108 601 2194; x_wconf 88' lang='lat' dir='ltr'>qualis</span> <span class='ocrx_word' id='word_1_136' title='bbox 614 2109 917 2193; x_wconf 87' lang='lat' dir='ltr'>auteAeschylum</span> <span class='ocrx_word' id='word_1_137' title='bbox 927 2120 1010 2190; x_wconf 84' lang='lat' dir='ltr'>erat,</span> <span class='ocrx_word' id='word_1_138' title='bbox 1021 2107 1139 2173; x_wconf 88' lang='lat' dir='ltr'>contio</span> <span class='ocrx_word' id='word_1_139' title='bbox 1150 2107 1271 2195; x_wconf 91' lang='lat' dir='ltr'>populi</span> <span class='ocrx_word' id='word_1_140' title='bbox 1281 2106 1428 2174; x_wconf 86' lang='lat' dir='ltr'>maximi</span> 
     </span>
     <span class='ocr_line' id='line_1_18' title="bbox 250 2213 1428 2301; baseline 0.002 -22"><span class='ocrx_word' id='word_1_141' title='bbox 250 2215 420 2279; x_wconf 88' lang='lat' dir='ltr'>momenti</span> <span class='ocrx_word' id='word_1_142' title='bbox 438 2213 546 2280; x_wconf 81' lang='lat' dir='ltr'>luisse</span> <span class='ocrx_word' id='word_1_143' title='bbox 562 2214 703 2281; x_wconf 84' lang='lat' dir='ltr'>videtur</span> <span class='ocrx_word' id='word_1_144' title='bbox 719 2237 833 2301; x_wconf 87' lang='lat' dir='ltr'>neque</span> <span class='ocrx_word' id='word_1_145' title='bbox 850 2214 960 2301; x_wconf 81' lang='lat' dir='ltr'>igitur</span> <span class='ocrx_word' id='word_1_146' title='bbox 976 2237 1119 2280; x_wconf 86' lang='lat' dir='ltr'>necesse</span> <span class='ocrx_word' id='word_1_147' title='bbox 1136 2226 1197 2298; x_wconf 77' lang='lat' dir='ltr'>est,</span> <span class='ocrx_word' id='word_1_148' title='bbox 1219 2228 1258 2281; x_wconf 89' lang='lat' dir='ltr'>ut</span> <span class='ocrx_word' id='word_1_149' title='bbox 1275 2217 1428 2299; x_wconf 83' lang='lat' dir='ltr'>Aeschy-</span> 
     </span>
     <span class='ocr_line' id='line_1_19' title="bbox 250 2319 1428 2409; baseline 0.004 -26"><span class='ocrx_word' id='word_1_150' title='bbox 250 2321 306 2386; x_wconf 91' lang='lat' dir='ltr'>lus</span> <span class='ocrx_word' id='word_1_151' title='bbox 326 2319 405 2386; x_wconf 89' lang='lat' dir='ltr'>ideo</span> <span class='ocrx_word' id='word_1_152' title='bbox 423 2322 517 2407; x_wconf 86' lang='lat' dir='ltr'>quod</span> <span class='ocrx_word' id='word_1_153' title='bbox 533 2322 664 2409; x_wconf 89' lang='lat' dir='ltr'>populo</span> <span class='ocrx_word' id='word_1_154' title='bbox 680 2323 773 2387; x_wconf 90' lang='lat' dir='ltr'>hanc</span> <span class='ocrx_word' id='word_1_155' title='bbox 790 2333 925 2388; x_wconf 86' lang='lat' dir='ltr'>tantam</span> <span class='ocrx_word' id='word_1_156' title='bbox 942 2333 1152 2409; x_wconf 83' lang='lat' dir='ltr'>potestatem</span> <span class='ocrx_word' id='word_1_157' title='bbox 1172 2321 1302 2405; x_wconf 84' lang='lat' dir='ltr'>tribuit,</span> <span class='ocrx_word' id='word_1_158' title='bbox 1328 2323 1428 2408; x_wconf 86' lang='lat' dir='ltr'>Argi-</span> 
     </span>
     <span class='ocr_line' id='line_1_20' title="bbox 250 2427 1427 2517; baseline 0.004 -25"><span class='ocrx_word' id='word_1_159' title='bbox 250 2449 376 2493; x_wconf 90' lang='lat' dir='ltr'>vorum</span> <span class='ocrx_word' id='word_1_160' title='bbox 411 2427 465 2492; x_wconf 92' lang='lat' dir='ltr'>sui</span> <span class='ocrx_word' id='word_1_161' title='bbox 503 2428 670 2516; x_wconf 89' lang='lat' dir='ltr'>temporis</span> <span class='ocrx_word' id='word_1_162' title='bbox 706 2452 778 2495; x_wconf 90' lang='lat' dir='ltr'>rem</span> <span class='ocrx_word' id='word_1_163' title='bbox 810 2428 987 2517; x_wconf 86' lang='lat' dir='ltr'>publicam</span> <span class='ocrx_word' id='word_1_164' title='bbox 1012 2442 1094 2496; x_wconf 88' lang='lat' dir='ltr'>ante</span> <span class='ocrx_word' id='word_1_165' title='bbox 1111 2431 1231 2496; x_wconf 90' lang='lat' dir='ltr'>oculos</span> <span class='ocrx_word' id='word_1_166' title='bbox 1255 2430 1427 2497; x_wconf 79' lang='lat' dir='ltr'>habuerit.</span> 
     </span>
     <span class='ocr_line' id='line_1_21' title="bbox 250 2533 1425 2624; baseline 0.003 -26"><span class='ocrx_word' id='word_1_167' title='bbox 250 2533 426 2600; x_wconf 89' lang='lat' dir='ltr'>Novimus</span> <span class='ocrx_word' id='word_1_168' title='bbox 443 2547 561 2602; x_wconf 86' lang='lat' dir='ltr'>autem</span> <span class='ocrx_word' id='word_1_169' title='bbox 575 2559 652 2602; x_wconf 89' lang='lat' dir='ltr'>eam</span> <span class='ocrx_word' id='word_1_170' title='bbox 665 2538 805 2602; x_wconf 82' lang='lat' dir='ltr'>fabulae</span> <span class='ocrx_word' id='word_1_171' title='bbox 816 2538 965 2604; x_wconf 85' lang='lat' dir='ltr'>formam</span> <span class='ocrx_word' id='word_1_172' title='bbox 979 2561 1021 2603; x_wconf 84' lang='lat' dir='ltr'>ex</span> <span class='ocrx_word' id='word_1_173' title='bbox 1029 2536 1216 2624; x_wconf 87' lang='lat' dir='ltr'>Euripides</span> <span class='ocrx_word' id='word_1_174' title='bbox 1223 2539 1347 2604; x_wconf 86' lang='lat' dir='ltr'>Oresta</span> <span class='ocrx_word' id='word_1_175' title='bbox 1361 2543 1425 2601; x_wconf 83' lang='lat'>872</span> 
     </span>
    </p>

    <p class='ocr_par' dir='ltr' id='par_1_4' title="bbox 464 2641 1240 2852">
     <span class='ocr_line' id='line_1_22' title="bbox 464 2641 1240 2744; baseline 0.003 -25"><span class='ocrx_word' id='word_1_176' title='bbox 464 2641 500 2720; x_wconf 78' lang='grc' dir='ltr'>οὗ</span> <span class='ocrx_word' id='word_1_177' title='bbox 524 2677 607 2744; x_wconf 71' lang='grc' dir='ltr'><em>φασι</em></span> <span class='ocrx_word' id='word_1_178' title='bbox 633 2659 768 2741; x_wconf 77' lang='grc' dir='ltr'><em>πρῶτον</em></span> <span class='ocrx_word' id='word_1_179' title='bbox 791 2650 926 2721; x_wconf 64' lang='grc' dir='ltr'><em>Δαναὸν</em></span> <span class='ocrx_word' id='word_1_180' title='bbox 948 2648 1122 2744; x_wconf 71' lang='grc' dir='ltr'><em>Λίγίισερι</em></span> <span class='ocrx_word' id='word_1_181' title='bbox 1145 2653 1240 2734; x_wconf 73' lang='grc' dir='ltr'><em>δίκας</em></span> 
     </span>
     <span class='ocr_line' id='line_1_23' title="bbox 464 2754 1200 2852; baseline 0.003 -25"><span class='ocrx_word' id='word_1_182' title='bbox 464 2755 582 2829; x_wconf 71' lang='grc' dir='ltr'><em>δίδονί</em></span> <span class='ocrx_word' id='word_1_183' title='bbox 607 2754 763 2851; x_wconf 73' lang='grc' dir='ltr'><em>ιίδροῖσαι</em></span> <span class='ocrx_word' id='word_1_184' title='bbox 787 2756 868 2830; x_wconf 79' lang='grc' dir='ltr'><em>λαδν</em></span> <span class='ocrx_word' id='word_1_185' title='bbox 891 2761 941 2842; x_wconf 76' lang='grc' dir='ltr'>είς</span> <span class='ocrx_word' id='word_1_186' title='bbox 963 2757 1072 2841; x_wconf 78' lang='grc' dir='ltr'><em>κοινδς</em></span> <span class='ocrx_word' id='word_1_187' title='bbox 1095 2763 1200 2852; x_wconf 63' lang='grc' dir='ltr'><em>ἕδρας.</em></span> 
     </span>
    </p>

    <p class='ocr_par' dir='ltr' id='par_1_5' title="bbox 249 2872 1428 3612">
     <span class='ocr_line' id='line_1_24' title="bbox 250 2872 1428 2970; baseline 0.003 -29"><span class='ocrx_word' id='word_1_188' title='bbox 250 2878 306 2941; x_wconf 91' lang='lat' dir='ltr'>Ad</span> <span class='ocrx_word' id='word_1_189' title='bbox 330 2900 433 2963; x_wconf 88' lang='lat' dir='ltr'>quem</span> <span class='ocrx_word' id='word_1_190' title='bbox 459 2880 573 2944; x_wconf 89' lang='lat' dir='ltr'>locum</span> <span class='ocrx_word' id='word_1_191' title='bbox 604 2878 637 2943; x_wconf 94' lang='lat' dir='ltr'>in</span> <span class='ocrx_word' id='word_1_192' title='bbox 669 2877 811 2945; x_wconf 88' lang='lat' dir='ltr'>scholiis</span> <span class='ocrx_word' id='word_1_193' title='bbox 835 2881 1040 2946; x_wconf 86' lang='lat' dir='ltr'>adnotatur:</span> <span class='ocrx_word' id='word_1_194' title='bbox 1076 2872 1165 2946; x_wconf 77' lang='grc' dir='ltr'><em>δινσε</em></span> <span class='ocrx_word' id='word_1_195' title='bbox 1189 2884 1267 2970; x_wconf 69' lang='lat' dir='ltr'>paul</span> <span class='ocrx_word' id='word_1_196' title='bbox 1292 2885 1428 2965; x_wconf 64' lang='lat' dir='ltr'>apciton»</span> 
     </span>
     <span class='ocr_line' id='line_1_25' title="bbox 250 2977 1426 3075; baseline 0.003 -28"><span class='ocrx_word' id='word_1_197' title='bbox 250 2977 384 3050; x_wconf 85' lang='grc' dir='ltr'><em>Λαναδν</em></span> <span class='ocrx_word' id='word_1_198' title='bbox 410 2979 492 3068; x_wconf 68' lang='grc' dir='ltr'><em>μετὰ</em></span> <span class='ocrx_word' id='word_1_199' title='bbox 519 2989 577 3051; x_wconf 78' lang='grc' dir='ltr'><em>ε’δν</em></span> <span class='ocrx_word' id='word_1_200' title='bbox 604 2989 747 3052; x_wconf 67' lang='grc' dir='ltr'><em>θάνατον</em></span> <span class='ocrx_word' id='word_1_201' title='bbox 775 2992 837 3052; x_wconf 80' lang='grc' dir='ltr'>τῶν</span> <span class='ocrx_word' id='word_1_202' title='bbox 865 2983 944 3052; x_wconf 62' lang='lat' dir='ltr'>clav</span> <span class='ocrx_word' id='word_1_203' title='bbox 971 2984 1145 3075; x_wconf 75' lang='grc' dir='ltr'>Αἰγύπτῳ</span> <span class='ocrx_word' id='word_1_204' title='bbox 1173 2979 1285 3052; x_wconf 65' lang='grc' dir='ltr'><em>δοῦναι</em></span> <span class='ocrx_word' id='word_1_205' title='bbox 1310 2987 1426 3064; x_wconf 77' lang='grc' dir='ltr'><em>δίκας·</em></span> 
     </span>
     <span class='ocr_line' id='line_1_26' title="bbox 250 3081 1425 3184; baseline 0.006 -30"><span class='ocrx_word' id='word_1_206' title='bbox 250 3084 350 3170; x_wconf 73' lang='grc' dir='ltr'><em>αὐτὸς</em></span> <span class='ocrx_word' id='word_1_207' title='bbox 379 3089 440 3178; x_wconf 77' lang='grc' dir='ltr'><em>γάρ</em></span> <span class='ocrx_word' id='word_1_208' title='bbox 465 3083 483 3158; x_wconf 81' lang='grc' dir='ltr'><em>δ</em></span> <span class='ocrx_word' id='word_1_209' title='bbox 506 3097 684 3180; x_wconf 66' lang='grc' dir='ltr'><em>Αἴγεστος·</em></span> <span class='ocrx_word' id='word_1_210' title='bbox 707 3081 785 3184; x_wconf 73' lang='grc' dir='ltr'><em>ἧκεν</em></span> <span class='ocrx_word' id='word_1_211' title='bbox 809 3092 857 3173; x_wconf 78' lang='grc' dir='ltr'><em>εἷς</em></span> <span class='ocrx_word' id='word_1_212' title='bbox 872 3082 994 3182; x_wconf 67' lang='grc' dir='ltr'>ΊἈργος</span> <span class='ocrx_word' id='word_1_213' title='bbox 1016 3091 1209 3183; x_wconf 70' lang='grc' dir='ltr'><em>τιμωρήσων</em></span> <span class='ocrx_word' id='word_1_214' title='bbox 1231 3088 1289 3159; x_wconf 82' lang='grc' dir='ltr'>τὸν</span> <span class='ocrx_word' id='word_1_215' title='bbox 1312 3091 1425 3184; x_wconf 75' lang='grc' dir='ltr'><em>φόνον.</em></span> 
     </span>
     <span class='ocr_line' id='line_1_27' title="bbox 249 3190 1427 3290; baseline 0.003 -26"><span class='ocrx_word' id='word_1_216' title='bbox 249 3193 386 3278; x_wconf 79' lang='grc' dir='ltr'><em>Δαναδς</em></span> <span class='ocrx_word' id='word_1_217' title='bbox 424 3199 461 3265; x_wconf 82' lang='grc' dir='ltr'>δέ</span> <span class='ocrx_word' id='word_1_218' title='bbox 497 3193 621 3282; x_wconf 63' lang='grc' dir='ltr'><em>μοί-(δν</em></span> <span class='ocrx_word' id='word_1_219' title='bbox 659 3200 772 3289; x_wconf 72' lang='grc' dir='ltr'><em>ἐξῆγεν</em></span> <span class='ocrx_word' id='word_1_220' title='bbox 806 3204 849 3280; x_wconf 70' lang='grc' dir='ltr'><em>εἰς·</em></span> <span class='ocrx_word' id='word_1_221' title='bbox 890 3193 980 3267; x_wconf 74' lang='grc' dir='ltr'>ὅπλα</span> <span class='ocrx_word' id='word_1_222' title='bbox 1018 3201 1092 3279; x_wconf 72' lang='grc' dir='ltr'><em>τοὺς</em></span> <span class='ocrx_word' id='word_1_223' title='bbox 1134 3190 1296 3290; x_wconf 75' lang='grc' dir='ltr'><em>Ἀργείους</em></span> <span class='ocrx_word' id='word_1_224' title='bbox 1343 3198 1427 3269; x_wconf 73' lang='grc' dir='ltr'><em>ἄλλοί</em></span> 
     </span>
     <span class='ocr_line' id='line_1_28' title="bbox 249 3296 1423 3398; baseline 0.006 -30"><span class='ocrx_word' id='word_1_225' title='bbox 249 3301 394 3394; x_wconf 79' lang='grc' dir='ltr'><em>Λογκεδς</em></span> <span class='ocrx_word' id='word_1_226' title='bbox 421 3310 539 3373; x_wconf 76' lang='grc' dir='ltr'><em>ιεείδει</em></span> <span class='ocrx_word' id='word_1_227' title='bbox 569 3305 675 3395; x_wconf 72' lang='grc' dir='ltr'><em>λόγοις·</em></span> <span class='ocrx_word' id='word_1_228' title='bbox 699 3300 886 3394; x_wconf 67' lang='grc' dir='ltr'><em>ὁρίσασθαι</em></span> <span class='ocrx_word' id='word_1_229' title='bbox 911 3301 970 3398; x_wconf 75' lang='grc' dir='ltr'>τὴν</span> <span class='ocrx_word' id='word_1_230' title='bbox 998 3296 1124 3395; x_wconf 70' lang='grc' dir='ltr'><em>’ἔχθραν</em></span> <span class='ocrx_word' id='word_1_231' title='bbox 1148 3308 1203 3374; x_wconf 82' lang='grc' dir='ltr'>καὶ</span> <span class='ocrx_word' id='word_1_232' title='bbox 1231 3314 1423 3376; x_wconf 75' lang='grc' dir='ltr'><em>καδισσιῦσι</em></span> 
     </span>
     <span class='ocr_line' id='line_1_29' title="bbox 250 3408 1426 3504; baseline 0.004 -28"><span class='ocrx_word' id='word_1_233' title='bbox 250 3408 408 3492; x_wconf 73' lang='grc' dir='ltr'><em>δικαστὰς</em></span> <span class='ocrx_word' id='word_1_234' title='bbox 440 3417 546 3493; x_wconf 78' lang='grc' dir='ltr'><em>αὐτοῖς</em></span> <span class='ocrx_word' id='word_1_235' title='bbox 580 3415 782 3504; x_wconf 73' lang='grc' dir='ltr'><em>Αἰγυπτίων</em></span> <span class='ocrx_word' id='word_1_236' title='bbox 814 3417 870 3482; x_wconf 83' lang='grc' dir='ltr'><em>καί</em></span> <span class='ocrx_word' id='word_1_237' title='bbox 901 3413 1059 3504; x_wconf 82' lang='grc' dir='ltr'><em>Ἀργείων</em></span> <span class='ocrx_word' id='word_1_238' title='bbox 1091 3416 1168 3494; x_wconf 77' lang='grc' dir='ltr'><em>τοὺς</em></span> <span class='ocrx_word' id='word_1_239' title='bbox 1202 3417 1354 3502; x_wconf 68' lang='grc' dir='ltr'><em>ἀρίστους·</em></span> <span class='ocrx_word' id='word_1_240' title='bbox 1389 3409 1426 3500; x_wconf 72' lang='grc' dir='ltr'>[δ</span> 
     </span>
     <span class='ocr_line' id='line_1_30' title="bbox 253 3509 1427 3612; baseline 0.005 -29"><span class='ocrx_word' id='word_1_241' title='bbox 253 3518 290 3583; x_wconf 75' lang='grc' dir='ltr'>δὲ</span> <span class='ocrx_word' id='word_1_242' title='bbox 327 3517 423 3598; x_wconf 78' lang='grc' dir='ltr'><em>τόπος</em></span> <span class='ocrx_word' id='word_1_243' title='bbox 460 3519 562 3606; x_wconf 64' lang='grc' dir='ltr'><em>ἔνθα]</em></span> <span class='ocrx_word' id='word_1_244' title='bbox 599 3514 618 3586; x_wconf 74' lang='grc' dir='ltr'><em>ί</em></span> <span class='ocrx_word' id='word_1_245' title='bbox 657 3522 733 3606; x_wconf 79' lang='grc' dir='ltr'><em>&lt;δὲ&gt;</em></span> <span class='ocrx_word' id='word_1_246' title='bbox 771 3520 844 3611; x_wconf 79' lang='grc' dir='ltr'><em>δίκη</em></span> <span class='ocrx_word' id='word_1_247' title='bbox 886 3519 1028 3612; x_wconf 53' lang='lat' dir='ltr'>§curpho</span> <span class='ocrx_word' id='word_1_248' title='bbox 1066 3522 1144 3608; x_wconf 73' lang='grc' dir='ltr'><em>περὶ</em></span> <span class='ocrx_word' id='word_1_249' title='bbox 1178 3525 1234 3605; x_wconf 76' lang='grc' dir='ltr'>τὴν</span> <span class='ocrx_word' id='word_1_250' title='bbox 1266 3509 1427 3612; x_wconf 32' lang='grc' dir='ltr'>ιιἰεγίσσιρν</span> 
     </span>
    </p>
   </div>
   <div class='ocr_carea' id='block_1_3' title="bbox 248 3698 1491 4313">
    <p class='ocr_par' dir='ltr' id='par_1_6' title="bbox 248 3698 1491 4224">
     <span class='ocr_line' id='line_1_31' title="bbox 362 3698 1427 3784; baseline 0.004 -23"><span class='ocrx_word' id='word_1_251' title='bbox 362 3698 402 3784; x_wconf 79' lang='lat'>¹⁸)</span> <span class='ocrx_word' id='word_1_252' title='bbox 426 3703 474 3762; x_wconf 85' lang='lat' dir='ltr'>De</span> <span class='ocrx_word' id='word_1_253' title='bbox 499 3706 659 3762; x_wconf 80' lang='lat' dir='ltr'>Alexandri</span> <span class='ocrx_word' id='word_1_254' title='bbox 693 3708 754 3763; x_wconf 81' lang='lat' dir='ltr'>sive</span> <span class='ocrx_word' id='word_1_255' title='bbox 778 3707 886 3764; x_wconf 85' lang='lat' dir='ltr'>virtute</span> <span class='ocrx_word' id='word_1_256' title='bbox 914 3707 977 3763; x_wconf 75' lang='lat' dir='ltr'>sive</span> <span class='ocrx_word' id='word_1_257' title='bbox 1001 3705 1120 3764; x_wconf 82' lang='lat' dir='ltr'>fortuna</span> <span class='ocrx_word' id='word_1_258' title='bbox 1143 3727 1172 3782; x_wconf 90' lang='lat' dir='ltr'>p.</span> <span class='ocrx_word' id='word_1_259' title='bbox 1196 3706 1296 3771; x_wconf 75' lang='grc'><strong>41617</strong></span> <span class='ocrx_word' id='word_1_260' title='bbox 1321 3707 1427 3766; x_wconf 86' lang='lat' dir='ltr'>Didot.</span> 
     </span>
     <span class='ocr_line' id='line_1_32' title="bbox 253 3789 1424 3876; baseline 0.006 -26"><span class='ocrx_word' id='word_1_261' title='bbox 253 3789 372 3862; x_wconf 80' lang='grc' dir='ltr'><em>ἐξέλιπέ</em></span> <span class='ocrx_word' id='word_1_262' title='bbox 402 3814 477 3852; x_wconf 81' lang='grc' dir='ltr'><em>ποτε</em></span> <span class='ocrx_word' id='word_1_263' title='bbox 508 3791 665 3872; x_wconf 84' lang='grc' dir='ltr'><em>Ἀργείοις</em></span> <span class='ocrx_word' id='word_1_264' title='bbox 698 3792 734 3854; x_wconf 86' lang='grc' dir='ltr'>τὸ</span> <span class='ocrx_word' id='word_1_265' title='bbox 757 3791 975 3873; x_wconf 79' lang='grc' dir='ltr'><em>Ἡρακλειδῶν</em></span> <span class='ocrx_word' id='word_1_266' title='bbox 1012 3792 1103 3874; x_wconf 82' lang='grc' dir='ltr'><em>γένος</em></span> <span class='ocrx_word' id='word_1_267' title='bbox 1140 3792 1174 3866; x_wconf 81' lang='grc' dir='ltr'>ἒξ</span> <span class='ocrx_word' id='word_1_268' title='bbox 1212 3792 1251 3857; x_wconf 85' lang='grc' dir='ltr'>οὗ</span> <span class='ocrx_word' id='word_1_269' title='bbox 1281 3793 1424 3876; x_wconf 77' lang='grc' dir='ltr'><em>βασιλεύ-</em></span> 
     </span>
     <span class='ocr_line' id='line_1_33' title="bbox 249 3878 1491 3964; baseline 0.006 -24"><span class='ocrx_word' id='word_1_270' title='bbox 249 3878 342 3941; x_wconf 84' lang='grc' dir='ltr'><em>εσδαι</em></span> <span class='ocrx_word' id='word_1_271' title='bbox 357 3879 487 3961; x_wconf 80' lang='grc' dir='ltr'><em>πάτριον</em></span> <span class='ocrx_word' id='word_1_272' title='bbox 503 3879 542 3962; x_wconf 77' lang='grc' dir='ltr'>ἦν</span> <span class='ocrx_word' id='word_1_273' title='bbox 566 3882 689 3950; x_wconf 80' lang='grc' dir='ltr'><em>αὐτοῖς·</em></span> <span class='ocrx_word' id='word_1_274' title='bbox 715 3883 840 3964; x_wconf 79' lang='grc' dir='ltr'><em>ζητοῦσι</em></span> <span class='ocrx_word' id='word_1_275' title='bbox 863 3881 898 3944; x_wconf 84' lang='grc' dir='ltr'>δὲ</span> <span class='ocrx_word' id='word_1_276' title='bbox 920 3881 974 3945; x_wconf 83' lang='grc' dir='ltr'><em>καί</em></span> <span class='ocrx_word' id='word_1_277' title='bbox 991 3881 1296 3964; x_wconf 70' lang='grc' dir='ltr'><em>διαπυνθανομένοις</em></span> <span class='ocrx_word' id='word_1_278' title='bbox 1312 3883 1331 3945; x_wconf 86' lang='grc' dir='ltr'>ὁ</span> <span class='ocrx_word' id='word_1_279' title='bbox 1346 3882 1426 3951; x_wconf 79' lang='grc' dir='ltr'><em>δεδς</em></span> <span class='ocrx_word' id='word_1_280' title='bbox 1490 3950 1491 3953; x_wconf 60' lang='grc'>,</span> 
     </span>
     <span class='ocr_line' id='line_1_34' title="bbox 250 3967 1426 4054; baseline 0.006 -26"><span class='ocrx_word' id='word_1_281' title='bbox 250 3967 383 4048; x_wconf 79' lang='grc' dir='ltr'><em>ἔχρησεν</em></span> <span class='ocrx_word' id='word_1_282' title='bbox 411 3967 501 4032; x_wconf 81' lang='grc' dir='ltr'><em>ἀετὸν</em></span> <span class='ocrx_word' id='word_1_283' title='bbox 525 3969 652 4043; x_wconf 84' lang='grc' dir='ltr'><em>δείξειν·</em></span> <span class='ocrx_word' id='word_1_284' title='bbox 677 3971 730 4034; x_wconf 82' lang='grc' dir='ltr'><em>καί</em></span> <span class='ocrx_word' id='word_1_285' title='bbox 752 3971 825 4052; x_wconf 66' lang='grc' dir='ltr'><em>μεθ’</em></span> <span class='ocrx_word' id='word_1_286' title='bbox 849 3971 970 4053; x_wconf 76' lang='grc' dir='ltr'><em>ἡμέρας</em></span> <span class='ocrx_word' id='word_1_287' title='bbox 993 3970 1099 4052; x_wconf 83' lang='grc' dir='ltr'><em>ὀλίγας</em></span> <span class='ocrx_word' id='word_1_288' title='bbox 1122 3971 1214 4042; x_wconf 77' lang='grc' dir='ltr'><em>ἀετὸς</em></span> <span class='ocrx_word' id='word_1_289' title='bbox 1235 3971 1426 4054; x_wconf 79' lang='grc' dir='ltr'><em>ὑπερφανεὶς</em></span> 
     </span>
     <span class='ocr_line' id='line_1_35' title="bbox 249 4055 1424 4147; baseline 0.004 -30"><span class='ocrx_word' id='word_1_290' title='bbox 249 4055 304 4118; x_wconf 78' lang='grc' dir='ltr'>καὶ</span> <span class='ocrx_word' id='word_1_291' title='bbox 327 4057 467 4137; x_wconf 80' lang='grc' dir='ltr'><em>κατάρας</em></span> <span class='ocrx_word' id='word_1_292' title='bbox 490 4058 539 4120; x_wconf 78' lang='grc' dir='ltr'>ἐπὶ</span> <span class='ocrx_word' id='word_1_293' title='bbox 559 4058 614 4139; x_wconf 78' lang='grc' dir='ltr'>τὴν</span> <span class='ocrx_word' id='word_1_294' title='bbox 634 4059 781 4140; x_wconf 83' lang='grc' dir='ltr'><em>Αἴγωνος</em></span> <span class='ocrx_word' id='word_1_295' title='bbox 797 4061 898 4123; x_wconf 80' lang='grc' dir='ltr'><em>οἰκίαν</em></span> <span class='ocrx_word' id='word_1_296' title='bbox 914 4055 1053 4130; x_wconf 81' lang='grc' dir='ltr'><em>ἕκοίδισε,</em></span> <span class='ocrx_word' id='word_1_297' title='bbox 1077 4060 1130 4123; x_wconf 82' lang='grc' dir='ltr'><em>καί</em></span> <span class='ocrx_word' id='word_1_298' title='bbox 1153 4060 1299 4143; x_wconf 79' lang='grc' dir='ltr'><em>βασιλεὺς</em></span> <span class='ocrx_word' id='word_1_299' title='bbox 1321 4061 1424 4147; x_wconf 72' lang='grc' dir='ltr'><em>ᾑρέθη</em></span> 
     </span>
     <span class='ocr_line' id='line_1_36' title="bbox 248 4143 367 4224; baseline 0.034 -20"><span class='ocrx_word' id='word_1_300' title='bbox 248 4143 367 4224; x_wconf 57' lang='grc' dir='ltr'>Αῆων</span> 
     </span>
    </p>

    <p class='ocr_par' dir='ltr' id='par_1_7' title="bbox 365 4237 818 4313">
     <span class='ocr_line' id='line_1_37' title="bbox 365 4237 818 4313; baseline 0.011 -19"><span class='ocrx_word' id='word_1_301' title='bbox 365 4237 400 4313; x_wconf 83' lang='lat'>¹⁹)</span> <span class='ocrx_word' id='word_1_302' title='bbox 426 4238 547 4296; x_wconf 85' lang='lat' dir='ltr'>Griech.</span> <span class='ocrx_word' id='word_1_303' title='bbox 571 4238 684 4297; x_wconf 88' lang='lat' dir='ltr'>Gesch.</span> <span class='ocrx_word' id='word_1_304' title='bbox 708 4240 721 4295; x_wconf 95' lang='grc'><strong>1</strong></span> <span class='ocrx_word' id='word_1_305' title='bbox 745 4240 818 4299; x_wconf 84' lang='grc'><strong>451.</strong></span> 
     </span>
    </p>
   </div>
   <div class='ocr_carea' id='block_1_4' title="bbox 0 0 1572 4914">
    <p class='ocr_par' dir='ltr' id='par_1_8' title="bbox 0 0 1572 4914">
     <span class='ocr_line' id='line_1_38' title="bbox 0 0 1572 4914; baseline 0 1"><span class='ocrx_word' id='word_1_306' title='bbox 0 0 1572 4914; x_wconf 95' lang='lat' dir='ltr'> </span> 
     </span>
    </p>
   </div>
  </div>
 </body>
</html>
