3136 4914
670 386 890 453 ..44-

334 637 335 641 ,
418 604 566 669 ποδαπὸν
589 605 703 687 ὅμιλον
725 593 810 668 τόνδ’
834 605 1099 688 ἀνελληνόστολον

417 711 561 778 πέπλοισι
583 713 774 795 βαρβάροισι
796 712 850 776 καὶ
871 713 1064 795 πυκνώμασι

418 819 543 900 χλίοντα
564 825 839 901 προοφωνοῦμενς
862 821 901 884 οὔ
924 819 985 902 γὰρ
1005 807 1143 908 Ἀργολλς

418 925 518 1007 έσύὴς
541 932 701 1007 γυναικῶν
724 917 795 991 οὐδ’
820 914 877 1009 ἀφ’
897 925 1050 1005 Ἑλλάδος
1071 927 1180 991 τόπων

416 1139 619 1223 Λιβυστικαῖς
642 1142 703 1223 γὰρ
724 1141 845 1223 μᾶλλον
867 1139 1093 1225 ἐμφερέστεραι

416 1249 554 1328 γυναιξίν
576 1249 642 1312 ἕστε
664 1248 841 1330 κούδαμῶς
863 1245 1040 1331 ἐγχωρίαις.

415 1355 469 1417 καὶ
491 1353 605 1425 Νεῖλος
627 1357 667 1420 ἀν
688 1356 819 1438 θρέψειε
840 1361 980 1420 τοιοῦτον
1002 1357 1110 1439 φυτόν,

414 1459 559 1544 Κύπριος
580 1464 745 1545 χαρακτήρ
767 1450 794 1524 τ’
818 1463 851 1526 έν
874 1465 1058 1544 γυναικείοις
1080 1465 1188 1535 τύποις

376 1645 378 1648 ¹
416 1568 510 1639 εἰκὼς
531 1570 704 1652 πέπληκται
726 1568 881 1633 τεκτόνων
902 1569 985 1653 πρὸς
1007 1571 1152 1652 ἀρσένων

416 1665 523 1746 Ἰνδός
544 1665 571 1739 τ)
594 1677 706 1741 ἀκούω
729 1677 872 1760 νομάδας
894 1679 1108 1761 ἱπποβάμοσιν

417 1784 545 1867 <τοίας>
570 1786 725 1868 καμήλοις
748 1786 1004 1872 ἀστραβιζούσας,
1027 1785 1132 1867 χδόνα

412 1881 489 1978 παρ’
511 1893 669 1976 Αἰθίοψιν
692 1894 1015 1977 ἀστυγειτονουμένας.

413 2001 467 2065 καὶ
489 2001 544 2072 τὰς
566 2003 742 2088 ἀνάνδρους
764 2003 962 2086 κρεοβόρους
984 1991 1014 2065 τ’
1037 1991 1221 2084 Ἀμαζόνας,

414 2105 443 2174 εὶ
465 2112 660 2192 τοξοτευχεῖς
682 2109 742 2192 ἦτε,
766 2097 856 2192 κάρτ’
879 2112 919 2172 ἀν
941 2112 1047 2192 ᾔκασα

412 2218 505 2298 ὑμᾶς.

199 2319 335 2390 Eadem
351 2332 471 2387 autem
487 2343 577 2407 quae
593 2322 637 2387 de
653 2322 758 2387 choro
774 2321 982 2408 Supplicum
999 2322 1197 2406 statuimus,
1209 2324 1253 2388 de
1266 2324 1380 2392 choro

198 2427 457 2517 Aegyptiorum
496 2427 653 2495 conicere
690 2450 879 2514 possumus
921 2428 1124 2495 faventibus
1163 2429 1376 2517 Supplicum

197 2534 357 2602 versibus
382 2541 445 2602 719
470 2560 494 2603 s.

408 2647 562 2733 πρέπουσι
586 2647 616 2709 δ’
634 2645 748 2729 ἀνδρες
769 2647 850 2709 νάϊοι
872 2642 1082 2728 μελαγχίμοις

411 2745 525 2836 γυίοισι
543 2754 667 2818 λευκῶν
690 2753 947 2835 ε’κπεπλωμάτων
963 2753 1045 2816 ἰδεῖν.

305 2881 360 2943 De
375 2880 502 2943 scaena
518 2876 646 2943 deinde
660 2876 748 2942 haec
763 2874 912 2942 dicenda
928 2856 1020 2942 sunt.
1056 2875 1241 2965 Supplices
1262 2878 1373 2944 domu

196 2983 256 3050 illa
269 2985 363 3050 unde
379 2995 513 3050 actores
528 2983 668 3069 prodire
683 3006 752 3070 quo
768 2983 880 3049 redire
895 2983 1041 3069 possint,
1057 2981 1165 3050 etiam
1181 2995 1284 3068 caret,
1300 3008 1375 3071 qua

196 3093 271 3157 sola
305 3113 325 3155 e
358 3090 507 3157 servatis
546 3089 712 3175 Aeschyli
747 3089 938 3176 tragoediis
977 3089 1117 3157 Orestia
1151 3089 1264 3157 utitur
1298 3091 1371 3158 iam

196 3198 282 3265 satis
311 3196 494 3283 splendide
522 3196 745 3285 amplificata.
798 3199 914 3281 Quam
943 3198 1087 3263 domum
1120 3199 1164 3264 ab
1192 3199 1373 3282 Aeschylo

117 3376 119 3382 ,
194 3303 378 3371 inventam
407 3327 483 3371 esse
511 3315 650 3371 constat
682 3326 726 3370 ex
748 3304 913 3374 Vitruvio
937 3307 1007 3373 VII
1035 3307 1140 3392 prael.
1168 3311 1204 3370 11
1237 3305 1297 3371 ubi
1323 3308 1369 3373 le·

195 3411 304 3498 gitur:
328 3411 485 3496 „Primus
500 3412 750 3498 Agatharchus
766 3411 917 3478 Athenis
937 3413 1111 3496 Aeschylo
1128 3413 1278 3480 docente
1301 3423 1370 3481 tra-

195 3517 359 3605 goediam
388 3541 552 3586 scaenam
581 3519 665 3587 iecit
693 3531 728 3586 et
756 3521 800 3585 de
827 3542 869 3585 ea
893 3519 1184 3586 commentarium
1207 3519 1369 3608 reliquit“

194 3636 301 3713 atque
323 3625 530 3693 Aristoteles
554 3627 655 3715 (poet.
680 3632 718 3709 4„
736 3632 830 3692 1449.
856 3651 883 3693 a.
912 3628 964 3713 18)
989 3626 1107 3693 tradit:
1132 3632 1372 3716 σκηνογραφίαν

194 3736 365 3819 Σοφοκλῆς
376 3733 446 3799 scil.
458 3737 704 3821 παρεσκεύασεν,
716 3735 811 3799 unde
822 3735 1038 3819 Aeschylum
1051 3745 1144 3801 certe
1155 3734 1226 3801 iam
1239 3758 1369 3826 scaena

193 3861 297 3906 usum
304 3840 550 3929 essesequitur.
569 3841 1089 3908 Hocfactumestversuslinem
1097 3840 1368 3928 vitaeAeschyli

192 3944 284 4013 inter
307 3970 441 4015 annum
458 3953 521 4014 467
547 3988 591 3997 -
614 3971 697 4015 nam
721 3949 901 4035 „Septem“
924 3948 985 4016 illa
1001 3973 1129 4017 scaena
1145 3962 1240 4017 caret
1267 3990 1301 4000 -
1330 3963 1370 4019 et

193 4052 368 4120 Orestiam
381 4057 528 4122 fortasse
541 4079 635 4123 anno
649 4058 780 4144 465100).
794 4056 969 4124 Novimus
985 4057 1093 4125 etiam
1104 4057 1366 4146 aliasAeschyli

303 4198 358 4283 ¹⁰⁰)
382 4203 426 4262 cf.
442 4204 729 4280 Dorpleld-Reisch:
753 4206 817 4263 Das
838 4208 1025 4282 griechische
1041 4208 1175 4266 Theater
1197 4228 1227 4283 p.
1248 4207 1310 4269 199
1327 4228 1369 4266 ss.

192 4290 394 4350 Wilamowitz
409 4293 540 4351 Hermes
556 4294 626 4350 XXI
643 4292 717 4354 606.
743 4294 780 4352 G.
796 4297 915 4371 Haupt:
942 4297 1069 4365 Quaest.
1087 4300 1168 4356 arch.
1183 4299 1214 4354 in
1230 4299 1367 4374 Aeschy-

188 4381 252 4437 lum
276 4375 415 4463 (Ditsert.
430 4383 534 4457 philol.
550 4384 688 4441 Halens.:
716 4384 781 4442 Vol.
796 4385 866 4443 XIII
893 4386 976 4448 1897
1001 4408 1030 4463 p.
1051 4389 1111 4450 137
1136 4390 1198 4467 ss).
