3136 4914
665 342 885 418 ...20-

190 570 275 635 deae
286 568 404 634 sedem
414 575 518 654 poeta
530 568 703 634 celebrare
713 566 894 652 potuisset,
908 577 987 652 post
997 566 1088 632 bella
1100 565 1244 649 Persica,
1257 563 1374 652 prius-

191 697 295 760 quam
309 697 402 740 nova
419 675 553 760 templa
566 671 698 740 exstrui
712 683 836 759 coepta
848 684 974 756 essent,
991 671 1026 738 in
1038 695 1116 738 arce
1125 671 1233 739 luisse
1243 685 1373 760 negat,

192 783 252 848 sed
276 780 386 847 luisse
410 790 492 847 ante
507 782 595 847 haec
612 782 711 864 bella,
722 802 854 866 ,nempe
872 780 1072 866 Propylaea,
1097 803 1166 866 quo
1182 777 1280 867 prius
1292 780 1374 846 nnl-

191 891 267 954 lum
297 887 332 953 in
358 910 435 954 arce
466 886 666 954 aedilicium
689 910 862 954 marmore
886 897 1104 954 exstructum
1129 898 1194 954 est:
1219 887 1255 952 in
1280 888 1374 954 haec

190 1007 226 1062 et
254 994 418 1080 Aeschyli
443 1017 565 1061 versus
589 1006 624 1062 et
641 997 853 1062 vocabulum
877 995 1008 1062 ἐνώπια
1031 992 1164 1080 optime
1188 995 1372 1081 quadrare.

194 1106 318 1190 Itaque
330 1101 406 1168 lieri
419 1124 489 1168 non
503 1125 605 1188 posse
616 1102 701 1189 quin
714 1101 899 1188 Supplices
908 1114 990 1168 ante
1001 1123 1136 1168 annum
1149 1105 1213 1168 480
1226 1103 1373 1169 doctam

193 1233 268 1277 esse
291 1220 463 1296 putemus.
500 1211 570 1278 Sed
595 1208 720 1277 Kdrtio
745 1208 969 1276 obiciendum
985 1220 1039 1276 est
1055 1209 1148 1275 hanc
1164 1206 1374 1295 interpreta-

193 1316 325 1383 tionem
338 1315 515 1384 infirmam
529 1339 611 1383 esse.
637 1320 731 1383 Nam
743 1327 826 1383 ante
837 1339 864 1383 a.
877 1320 942 1381 480
952 1314 1039 1382 arcis
1051 1313 1251 1382 aedilicium
1261 1317 1374 1403 longe

193 1423 451 1491 nobilissimum
470 1425 766 1510 Hekatompedon
792 1436 873 1490 erat.
921 1424 991 1490 Cur
1014 1445 1085 1489 non
1102 1423 1147 1489 de
1163 1445 1204 1489 eo
1221 1422 1374 1489 Kdrtius

194 1529 347 1619 cogitat?
373 1533 428 1597 An
452 1531 543 1616 quod
561 1542 654 1598 recte
671 1529 781 1598 sensit
797 1535 917 1597 ἐνώπια
935 1531 1205 1616 Propylaeornm
1228 1529 1374 1616 propria

194 1639 289 1703 esse?
311 1639 359 1704 At
376 1659 456 1702 cnm
480 1638 550 1704 duo
574 1635 735 1705 aedificia
759 1636 872 1703 eidem
895 1639 981 1704 deae
1005 1658 1123 1703 sacrae
1145 1634 1225 1720 sint,
1249 1658 1374 1704 nonne

194 1743 323 1810 mirum
346 1756 400 1811 est
423 1743 458 1810 id
483 1747 576 1831 qnod
597 1743 716 1811 minus
732 1743 849 1811 nobile
864 1743 1053 1831 minusque
1069 1754 1232 1810 sanctum
1247 1766 1373 1810 eorum

195 1863 270 1919 erat
298 1852 482 1919 celebrari?
529 1855 602 1919 Aut
625 1854 718 1939 quod
743 1853 891 1919 tutelam
916 1853 1107 1938 Propylaea
1135 1851 1376 1938 praebebant?

195 1959 265 2026 Sed
286 1982 357 2026 non
382 1960 610 2047 praebebant3
639 1971 741 2046 porta
758 1972 858 2028 erant
873 1958 1038 2047 speciosa.
1089 1957 1264 2026 Firmitati
1281 1958 1375 2028 arcis

198 2067 402 2155 Pelargicon
428 2067 515 2133 illud
533 2070 754 2154 enneapylon
780 2066 961 2135 serviebat.
997 2068 1206 2133 Deubnerus
1231 2088 1374 2154 quoque

197 2174 240 2239 de
258 2174 458 2260 Propylaeis
475 2175 618 2261 cogitat.
655 2176 767 2243 Valde
783 2186 902 2242 tamen
919 2199 941 2242 a
958 2173 1083 2241 Kdrtio
1099 2172 1264 2240 dissentit
1279 2195 1374 2257 ,cnm

197 2278 282 2346 dicit
306 2291 346 2345 ut
368 2279 479 2366 ipsius
503 2280 618 2347 verbis
642 2292 735 2348 utar:
760 2283 862 2365 „Also
880 2280 958 2348 sind
975 2303 1019 2347 an
1038 2282 1098 2347 der
1114 2279 1243 2368 obigen
1260 2280 1375 2348 Stelle

197 2385 254 2452 die
279 2389 471 2473 Propylaen
497 2389 558 2454 der
582 2387 768 2475 Akropolis
792 2411 835 2454 zu
859 2390 1055 2472 verstehen,
1078 2388 1211 2454 welche
1234 2387 1308 2454 und
1334 2386 1373 2454 in

197 2493 366 2560 welchem
391 2496 569 2561 Znstande
598 2495 647 2562 sie
675 2495 799 2561 immer
826 2518 951 2562 waren.
1004 2499 1076 2562 Das
1104 2499 1205 2565 Wort
1232 2497 1377 2580 ἀσφαλές

197 2599 336 2668 bezieht
371 2599 444 2668 sich
482 2605 542 2669 aul
576 2601 632 2669 die
661 2601 860 2671 Sicherheit
894 2604 955 2670 der
983 2601 1176 2689 Akropolis
1206 2603 1280 2669 und
1309 2603 1375 2670 des

198 2710 339 2781 Landes
363 2732 426 2776 vor
449 2712 510 2775 der
535 2712 789 2798 Persergefahr,
813 2713 887 2776 und
908 2709 964 2777 die
981 2709 1176 2777 Hiketiden
1194 2706 1274 2775 sind
1289 2709 1375 2776 bald

198 2817 289 2884 nach
315 2822 378 2882 479
408 2818 623 2904 aulgehihrt,
652 2818 708 2884 die
738 2822 858 2884 Perser
890 2818 1010 2904 folgen
1041 2821 1133 2884 472ss
1178 2817 1248 2885 Sed
1277 2819 1374 2903 quod

200 2924 410 2990 Deubnerus
433 2929 551 3009 ἔχουσα
579 2929 664 3009 σέμν’
689 2918 797 2991 ἐνώπι’
821 2927 959 3017 ἀσφαλές
991 2926 1035 2990 de
1058 2922 1219 2991 aedilicio
1245 2921 1376 2991 misere

199 3032 377 3097 destructo
406 3054 446 3096 ac
475 3031 590 3098 deleto
618 3030 686 3097 dici
710 3053 812 3117 posse
838 3031 1028 3115 contendit,
1063 3054 1167 3098 nemo
1191 3028 1222 3098 ei
1247 3031 1375 3099 credet

201 3143 382 3206 Praeterea
423 3150 544 3205 contra
584 3140 813 3205 Deubnermn
852 3140 973 3206 eadem
1014 3142 1133 3206 valent
1172 3162 1212 3206 ac
1251 3149 1376 3206 contra

200 3244 374 3314 Kiirtium.
421 3244 568 3313 Accedit
591 3247 683 3333 quod
708 3258 787 3332 post
811 3270 838 3312 a.
857 3251 921 3312 480
946 3269 1067 3313 versus
1091 3245 1150 3329 illi,
1182 3246 1210 3313 si
1236 3255 1329 3313 recte
1355 3271 1377 3314 a

201 3353 326 3421 Kdrtio
335 3365 370 3420 et
378 3354 567 3419 Deubnero
576 3352 749 3439 explicata
763 3366 889 3438 essent,
901 3353 1124 3421 cavillatione
1138 3354 1290 3440 quadam
1299 3375 1374 3420 non

201 3470 353 3549 egerent.
403 3458 543 3527 Diceret
566 3459 659 3526 enim
685 3460 879 3547 Aeschylus
907 3464 1096 3547 „templum
1120 3472 1222 3527 tunm
1246 3481 1377 3529 crema-

202 3580 292 3651 tum,
332 3569 392 3634 sed
431 3568 541 3634 habes
581 3571 772 3654 Propylaea
804 3570 980 3655 superba.“
1038 3568 1132 3634 Tum
1164 3579 1283 3636 vetera
1313 3564 1378 3637 illa

203 3676 394 3761 Propylaea
429 3674 478 3742 ita
506 3674 573 3740 sita
598 3688 705 3759 erant,
742 3687 781 3741 ut
814 3700 834 3741 a
873 3676 1010 3742 theatro
1039 3699 1083 3741 ne
1112 3674 1265 3762 conspici
1301 3676 1377 3762 qui-

202 3783 282 3848 dem
321 3793 477 3868 possent;
501 3805 584 3848 nam
609 3782 780 3870 Pelargici
816 3805 917 3849 muro
950 3782 1121 3851 altissimo
1152 3782 1377 3850 occultaban-

203 3901 266 3955 tur.
315 3889 445 3972 Errant
468 3890 620 3977 denique
649 3889 679 3955 ei
704 3889 763 3976 qui
795 3891 839 3955 de
863 3888 1023 3957 aedificio
1048 3888 1256 3957 Atheniensi
1281 3889 1377 3979 cogi-

203 4007 288 4084 tant,
305 3995 341 4061 in
360 3997 427 4064 hoc
444 4019 591 4085 quoque,
608 3998 701 4084 quod
718 3999 875 4081 tutelam,
900 4019 990 4084 qnae
1006 4021 1026 4063 a
1043 3997 1189 4063 numine
1201 3999 1377 4083 speranda

203 4116 286 4188 erat,
315 4102 515 4171 aedilicium
538 4105 621 4170 hnic
646 4105 783 4172 nmnini
808 4107 973 4191 praebere
997 4107 1226 4186 contendunt,
1260 4102 1311 4171 ita
1335 4117 1377 4172 ut

203 4232 346 4277 sensum
381 4211 556 4297 Aeschylo
580 4212 756 4300 imputent
780 4211 972 4300 impietatis
996 4214 1153 4299 plenum:
1186 4210 1375 4297 „Minerva

203 4319 312 4391 habes
335 4318 477 4396 firmum
501 4324 672 4407 templum
696 4320 770 4388 sive
795 4319 939 4394 firmum
962 4342 1115 4388 murum:
1153 4325 1275 4389 Persas
1301 4322 1376 4390 noli
