3136 4914
672 295 893 364 ,67-

193 510 358 597 exemplo
383 520 530 593 constat,
552 513 758 602 Αἰγυπτίοας
780 523 816 579 et
832 513 997 585 Δαναΐδας
1019 510 1200 599 scripsisse
1215 512 1375 580 eiusdem

195 615 398 704 argumenti
409 617 570 684 dramata
582 618 861 705 atqueAeschyli
873 617 1059 706 Supplices
1071 630 1163 686 sunt
1188 621 1304 704 Quem
1316 619 1376 686 hic

196 733 238 791 ut
260 721 297 789 in
323 724 436 790 Persis
453 724 619 810 Aeschyli
641 727 842 813 exemplum
859 725 968 792 fuisse
983 738 1077 792 recte
1093 726 1290 794 statuimus
1330 730 1374 792 In

196 829 381 918 utriusque
408 831 537 898 fabulis
566 854 646 898 cum
668 832 855 919 Supplices
882 832 1056 899 auxilium
1088 856 1109 899 a
1131 832 1280 922 pristina
1303 839 1376 900 nia-

195 937 310 1004 iorum
322 937 436 1025 patria
444 949 614 1027 peterent,
628 938 832 1006 lunensium
843 939 985 1006 urbium
997 951 1034 1007 et
1040 939 1196 1027 pericula
1207 951 1243 1006 et
1255 962 1375 1029 preces

197 1044 310 1111 audiri
338 1057 509 1131 poterant
557 1048 675 1130 Quare
704 1069 784 1112 curn
813 1048 964 1113 colorem
987 1046 1089 1113 illum
1113 1071 1134 1114 a
1158 1047 1375 1133 temporibus

196 1153 343 1219 ductum
371 1154 511 1218 fabulae
540 1152 696 1239 accipere
723 1176 794 1219 non
824 1164 978 1240 possent,
1011 1153 1040 1220 si
1069 1177 1124 1220 res
1147 1153 1228 1220 illae
1253 1165 1375 1240 gestae

197 1269 271 1326 tam
301 1260 408 1346 longe
436 1261 591 1344 aberant,
619 1271 660 1327 ut
683 1259 820 1327 animos
843 1272 1028 1347 poetarum
1051 1273 1114 1334 aut
1137 1271 1376 1348 spectatorum

197 1365 443 1433 vehementius
476 1366 546 1433 iam
578 1390 649 1433 non
681 1378 875 1450 moverent,
906 1390 977 1434 non
1009 1366 1131 1435 multis
1163 1367 1266 1434 annis
1295 1379 1376 1454 post

196 1472 373 1540 infelicem
398 1477 526 1540 Ionum
542 1474 751 1541 seditionem
768 1474 953 1562 Supplices
976 1475 1013 1541 in
1038 1497 1201 1541 scaenam
1216 1474 1375 1560 prodisse

198 1579 411 1648 conicientes
438 1579 586 1647 fortasse
614 1605 635 1647 a
662 1605 745 1648 vero
774 1604 846 1647 non
871 1581 1119 1648 aberrabimus.
1166 1581 1231 1648 Cui
1255 1594 1373 1649 tamen

198 1688 419 1754 coniecturae
439 1711 510 1754 non
528 1687 668 1767 insist0;
693 1689 853 1774 exposita
869 1688 1016 1775 antiqua
1032 1689 1240 1775 Supplicum
1256 1688 1375 1755 indole

197 1794 264 1862 iter
287 1795 373 1861 satis
396 1797 546 1881 longum
562 1819 583 1861 a
599 1794 825 1882 Supplicibus
850 1818 961 1881 usque
978 1797 1022 1862 ad
1041 1800 1163 1861 Persas
1179 1806 1215 1861 et
1230 1797 1375 1882 Septem

198 1903 494 1969 demonstravisse
518 1901 604 1969 satis
628 1904 749 1969 habeo,

351 2279 1220 2365 mmmmmmmmvfflhsmpffl

307 2443 386 2505 Hoc
399 2439 434 2505 in
449 2439 604 2506 carmine
616 2462 704 2525 quas
718 2451 771 2506 tot
783 2439 850 2506 viri
861 2439 954 2507 docti
968 2439 1115 2506 eximias
1133 2440 1376 2527 ergaArgivos

199 2549 402 2614 voluntates
414 2545 593 2613 invenisse
606 2545 672 2612 sibi
685 2545 752 2612 visi
765 2557 858 2630 sunt,
871 2549 987 2612 nullas
1000 2547 1115 2613 inesse
1127 2549 1376 2613 demonstrabo

200 2654 305 2721 simul
317 2665 475 2721 tenorem
487 2652 743 2720 sententiarum
754 2655 957 2742 explanans.
982 2657 1076 2719 Nam
1089 2653 1208 2719 omnia
1216 2665 1290 2720 tam
1300 2655 1376 2719 uni-

199 2784 299 2828 verse
323 2760 532 2843 dictasunt,
556 2771 690 2826 utnon
716 2759 900 2843 defuerint,
925 2759 984 2846 qui
1009 2761 1132 2826 eadem
1156 2772 1240 2827 vota
1257 2760 1375 2847 potius

198 2867 471 2936 Atheniensium
507 2890 613 2954 quam
649 2867 862 2953 Argivorum
897 2890 1002 2933 causa
1036 2890 1207 2952 magnam
1239 2879 1376 2956 partem

202 2974 270 3043 dici
307 2975 628 3062 contenderent.¹⁴1)
676 2978 873 3060 Utramque
905 2973 1119 3040 sententiam
1146 2977 1272 3041 falsam
1300 2997 1376 3040 esse

155 3086 159 3094 '
199 3094 295 3168 put0.
335 3086 427 3148 Nam
453 3082 667 3166 Aeschylum
691 3103 772 3146 cum
788 3082 856 3147 hoc
872 3104 1010 3148 carmen
1030 3093 1263 3170 componeret,
1287 3081 1375 3146 nihil

200 3187 297 3256 aliud
320 3188 537 3274 quaesivisse
561 3210 666 3274 quam
694 3199 735 3255 ut
763 3187 798 3252 in
829 3212 909 3254 eum
937 3191 1054 3254 locum
1084 3188 1287 3256 conveniret
1315 3189 1375 3254 nbi

200 3308 264 3380 est,
283 3296 354 3363 iam
370 3296 453 3362 inde
469 3306 622 3384 apparet,
646 3297 740 3382 quod
756 3295 792 3361 in
810 3319 1022 3382 unaquaque
1037 3299 1109 3362 fere
1125 3297 1269 3383 stropha
1284 3297 1378 3362 bona

200 3403 261 3470 illa
294 3414 378 3470 vota
412 3414 553 3490 propter
587 3401 759 3469 beneficia
793 3426 879 3488 erga
906 3403 1091 3490 Supplices
1125 3403 1201 3470 fieri
1231 3404 1377 3469 chorum

199 3521 456 3576 memorantem
471 3509 554 3576 fecit
570 3510 615 3597 (v.
634 3513 706 3576 627.
725 3514 796 3575 641.
815 3514 887 3576 652.
910 3515 982 3576 656.
1008 3515 1116 3580 67112.
1143 3515 1233 3594 7⁰ll3
1257 3510 1377 3599 itaque

201 3639 386 3703 nunquam
409 3615 658 3699 obliviscimur,
682 3638 752 3702 qua
776 3617 820 3682 de
843 3639 880 3682 re
904 3629 1040 3703 agatur,
1063 3639 1179 3704 neque
1203 3616 1232 3683 si
1254 3628 1378 3703 poetae

203 3724 388 3791 consilium
423 3736 542 3790 mente
577 3722 834 3808 amplectimur,
874 3726 917 3789 de
950 3725 1054 3790 rebus
1088 3736 1187 3791 extra
1221 3725 1377 3789 fabulam

202 3829 326 3919 positis
351 3830 507 3916 cogitare
530 3833 583 3896 fas
607 3842 667 3896 est.
717 3833 765 3895 Ac
789 3843 874 3897 vota
896 3830 973 3917 ipsa
1002 3853 1142 3918 quoque
1169 3833 1236 3897 hoc
1264 3832 1378 3896 facere

201 3949 333 4005 vetant
374 3940 474 4022 Quae
490 3938 526 4003 in
540 3937 726 4004 hominum
742 3937 955 4019 valetudine,
979 3937 1016 4002 in
1034 3948 1146 4004 terrae
1161 3949 1196 4003 et
1212 3959 1378 4023 pecorum

201 4045 419 4111 fecunditate
457 4055 650 4110 versantur.
712 4043 904 4110 Tralaticia
939 4055 1057 4110 autem
1097 4055 1132 4109 et
1170 4043 1302 4110 usitata
1337 4066 1378 4109 ea

313 4260 365 4350 1⁴¹)
390 4266 593 4323 Weckleinius
618 4267 646 4322 in
671 4267 752 4333 edit,
775 4266 960 4323 Schroderus
983 4267 1002 4325 l.
1018 4284 1044 4323 c.
1060 4285 1090 4341 p.
1109 4265 1158 4334 ll.

1269 4390 1301 4433 V*
