3136 4914
675 358 894 429 ..21-

195 577 344 646 timere.“
390 581 515 666 Itaque
544 599 634 666 quae
658 577 806 645 Kiirtius
841 588 876 644 et
900 577 1110 644 Deubnerus
1135 571 1367 664 protulerunt,

193 687 375 773 probanda
397 707 468 753 non
494 697 585 753 sunt.

305 813 405 896 Quae
429 833 510 878 cum
533 809 583 878 ita
607 810 687 894 sint,
712 824 857 899 apparet
881 813 924 878 ad
950 812 1087 877 nullum
1113 809 1201 877 arcis
1225 810 1369 878 Atheni-

194 917 287 984 ensis
311 916 512 986 aediiicium
536 920 643 985 verba
667 922 792 987 ἐνώπια
809 916 911 1004 σεμνό
928 928 1086 1004 spectare
1103 940 1218 1004 posse;
1243 919 1286 985 de
1299 917 1367 984 alio

195 1023 356 1092 aedificio
379 1023 599 1108 Atheniensi,
624 1027 717 1112 quod
746 1024 783 1092 in
813 1027 898 1092 urbe
927 1026 971 1091 ad
1000 1026 1107 1111 pedes
1136 1023 1224 1092 arcis
1252 1026 1368 1092 locum

192 1131 363 1217 habuerit,
388 1143 482 1200 certe
504 1155 609 1199 nemo
634 1132 812 1221 cogitabit.
860 1137 984 1220 Itaque
1009 1135 1052 1199 de
1076 1135 1208 1219 templo
1232 1131 1366 1219 Argivo

193 1239 268 1308 sive
291 1243 374 1307 v'ero
398 1239 473 1308 sive
497 1239 581 1307 ficto
605 1240 731 1328 agitur.
779 1242 850 1310 Sed
881 1251 964 1308 ante
993 1237 1112 1306 omnia
1140 1261 1235 1305 nunc
1266 1238 1368 1306 nobis

192 1346 387 1415 videndum
410 1358 472 1432 est,
496 1369 671 1435 quaenam
695 1349 761 1416 dea
778 1347 873 1415 Iovis
896 1346 956 1415 illa
972 1349 1090 1434 puella
1111 1345 1164 1413 sit
1211 1345 1369 1434 Negavit

193 1455 428 1523 Buechelerus
456 1453 492 1521 in
517 1456 637 1522 tabula
659 1454 778 1522 Attica
807 1457 915 1522 ullam
947 1457 1049 1522 deam
1078 1463 1217 1542 praeter
1243 1451 1369 1520 Miner-

192 1584 275 1628 vam
303 1563 383 1635 Διὸς
410 1559 513 1650 κόραν
542 1561 610 1629 dici
638 1561 805 1650 potuisse,
833 1561 902 1630 nisi
932 1560 1000 1629 alia
1028 1562 1249 1645 adderentur,
1278 1583 1368 1648 quae

193 1668 268 1737 eius
307 1670 394 1737 deae
428 1669 568 1756 propria
607 1681 733 1738 essent
784 1669 897 1737 Aliter
929 1681 1117 1738 senserunt
1149 1667 1368 1754 Tittlerus³⁶)

192 1787 228 1843 et
252 1781 417 1860 Kruse³⁷)
440 1787 476 1844 et
491 1776 678 1863 praecipue
694 1777 882 1847 Udalricus
898 1779 942 1844 de
957 1775 1369 1847 Wilamowitz·Moellen-

193 1884 337 1970 domist),
361 1882 421 1969 qui
445 1885 489 1951 de
513 1882 630 1950 Diana
650 1882 905 1971 cogitaverunt.
953 1884 1175 1951 Godoiredus
1197 1886 1370 1949 Herman-

193 2011 261 2055 nus
289 2011 373 2056 vero
402 2011 442 2056 eo
470 1990 649 2076 processit,
678 2001 719 2056 ut
738 1980 891 2080 ’Ἄρτεμις
917 2013 980 2077 pro
1008 1987 1157 2080 ἀσφαλές
1184 1988 1369 2056 restituere

193 2096 308 2163 vellet.
342 2093 462 2166 Etiam
480 2093 661 2164 Michaelis
677 2098 721 2164 de
739 2095 863 2180 Diana,
879 2120 960 2180 non,
985 2109 1025 2164 ut
1038 2095 1236 2169 Loeschkio
1251 2094 1368 2164 visum

194 2213 255 2286 est,
279 2203 323 2270 de
347 2201 508 2271 Minerva
539 2201 695 2292 cogitare
717 2203 866 2289 videtur,
891 2227 971 2272 cum
996 2203 1031 2271 in
1062 2202 1257 2271 Pausaniae
1281 2201 1368 2270 arcis

193 2309 427 2397 descriptione
451 2312 588 2378 edenda
612 2334 734 2380 versus
751 2313 965 2400 Aeschyleos
981 2312 1074 2380 inter
1097 2309 1300 2380 testimonia
1323 2311 1368 2377 ad

194 2421 353 2484 Hecaten
393 2416 590 2505 spectantia
629 2420 811 2509 afferam).
868 2422 966 2505 Quos
1000 2418 1095 2486 viros
1130 2421 1252 2488 doctos
1275 2428 1369 2486 recte

193 2523 405 2593 iudicavisse
427 2525 525 2593 hisce
549 2527 769 2614 argumentis
793 2526 1024 2595 demonstrari
1048 2537 1173 2615 potest.

300 2635 351 2700 Ac
374 2630 527 2720 primum
557 2632 699 2720 quidem
727 2629 812 2715 Διὸς
835 2634 918 2726 κόρη
947 2646 982 2702 et
1011 2633 1171 2701 Minerva
1195 2645 1230 2700 et
1254 2632 1369 2700 Diana

195 2739 310 2807 vocari
333 2752 458 2827 potest.

195 2864 375 2933 Minervae
399 2868 610 2933 documento
635 2879 719 2934 sunt
742 2866 778 2934 hi
803 2865 881 2933 loci:

195 2977 299 3040 Hom.
323 2976 346 3059 β
368 2970 433 3039 433
458 2977 493 3040 ἐκ
516 2970 645 3040 πάντων
670 2977 704 3039 δὲ
726 2977 864 3058 μάλιστα
887 2976 960 3047 Διὸς
984 2977 1179 3059 γλαυκώπιδι
1202 2979 1309 3064 κούρη.

194 3080 320 3148 Aesch.
346 3079 451 3150 Eum.
472 3076 546 3147 415.
568 3084 677 3150 πεύσει
699 3083 736 3146 τὰ
758 3079 862 3149 πάντα
886 3083 1061 3167 συντόμως,
1084 3083 1158 3155 Διὸς
1181 3080 1268 3171 κόρη.

195 3187 277 3259 Eur.
302 3189 375 3257 Ion.
401 3184 453 3254 21.
563 3190 780 3277 Ἐριχθονίου·
815 3192 909 3275 κείνῳ
933 3191 992 3277 γὰρ
1014 3193 1033 3275 ἡ
1058 3191 1132 3263 Διὸς
1154 3192 1235 3279 κόρη

567 3298 701 3384 φρουρὼ
724 3300 952 3383 παραζεύξασα
975 3299 1097 3382 φύλακε
1121 3302 1270 3382 σώματος

568 3406 669 3471 δισσὼ
692 3406 851 3488 δράκοντε,
874 3407 1048 3489 παρθένοις
1069 3394 1245 3494 Ἀγλαυρίσι

568 3513 681 3580 δίδωσι
698 3509 834 3597 σῴζειν·

195 3616 279 3687 Eur.
304 3617 426 3687 Phoin.
445 3615 543 3688 1372.
567 3620 743 3704 Ἐτεοκλέης
767 3621 801 3685 δὲ
823 3621 994 3693 Παλλάδος
1017 3623 1232 3709 χρυσάσπιδος

568 3729 689 3811 βλέψας
711 3728 789 3816 πρὸς
812 3731 900 3793 οἶκον
923 3730 1041 3811 ηὔξατ’·
1066 3728 1095 3794 ὧ
1119 3729 1192 3800 Διὸς
1215 3731 1293 3817 κόρη
1324 3791 1325 3794 ,

571 3834 626 3905 δδς
649 3837 740 3918 ἔγχος
764 3837 838 3918 ἡμῖν
953 3836 1059 3918 βαλεῖν

195 3960 407 3970 —-—-—-

304 4068 605 4129 ³⁶.Zeitsch1iftfur
628 4072 677 4128 die
702 4073 1071 4131 Altertumswissenschaft
1097 4073 1190 4140 1838,
1215 4072 1288 4135 999.

304 4159 333 4200 ³⁷
370 4159 404 4217 In
428 4158 561 4218 editione
585 4160 761 4237 Supplicum
788 4160 881 4222 1861.

304 4247 333 4290 ³⁸
370 4248 475 4308 Herm.
499 4245 580 4308 XXI.
603 4248 666 4311 609
692 4250 793 4313 adnot.

304 4336 346 4416 ³⁹)
367 4338 626 4415 Jahn-Michaelis,
649 4341 708 4397 Arx
730 4342 914 4400 Athenarum
938 4361 966 4419 p.
983 4341 1035 4402 44.
