3136 4914
685 269 881 336 ,7,

192 498 334 567 statum,
351 489 488 571 qualem
507 485 542 552 in
560 485 787 573 supplicibus
805 484 950 566 invenit,
967 484 1190 571 potissimum
1204 506 1290 549 usus
1306 495 1367 550 est.

193 597 273 677 Qua
307 594 351 659 de
386 593 434 658 rei
469 591 631 680 publicae
664 595 784 675 forma,
820 615 899 658 cum
929 591 987 657 alii
1017 613 1155 677 quoque
1179 588 1244 656 viri
1274 590 1368 657 docti

193 708 332 786 tempus
356 700 565 788 Supplicum
590 700 749 767 evincere
774 698 890 766 conati
915 722 985 764 non
1010 709 1103 764 recte
1128 696 1368 779 iudicaverint,

192 807 432 892 disputatione
455 809 574 893 paullo
596 807 765 892 ampliore
781 809 960 892 agendum
976 816 1037 871 est.
1063 804 1233 871 Videmus
1249 816 1368 870 autem

193 913 229 978 in
259 913 485 1000 Supplicibus
520 937 592 980 rem
621 913 797 1000 publicam
827 913 927 1000 quasi
956 911 1100 978 liberam
1136 934 1225 978 esse:
1261 933 1368 997 penes

192 1023 363 1107 populum
381 1044 555 1087 summam
572 1021 816 1088 auctoritatem
834 1043 919 1103 esse,
935 1042 1055 1106 regem
1072 1021 1165 1085 nolle
1181 1017 1369 1104 quicquam

193 1127 269 1194 sine
292 1131 423 1215 populo
448 1152 559 1215 agere.
607 1131 712 1214 Quod
737 1152 817 1195 cum
840 1152 883 1194 ex
908 1127 985 1194 aliis
1009 1127 1093 1194 locis
1115 1138 1268 1215 apparet,
1293 1138 1369 1192 tum

194 1235 250 1300 his
274 1234 368 1320 regis
394 1237 532 1321 Pelasgi
557 1235 673 1302 verbis
697 1238 958 1302 demonstratur
983 1236 1024 1320 (v.
1044 1239 1107 1299 365
1133 1236 1187 1320 ss).

408 1385 491 1444 οότοι
516 1385 664 1464 κάθησθε
689 1383 849 1462 όωμότων
873 1383 1008 1462 ἐφέστιοι

408 1491 514 1570 ἐμῶν·
538 1490 573 1552 τὸ
597 1490 704 1552 κοινόν
729 1490 754 1550 δ’
779 1491 807 1551 εἰ
827 1490 976 1570 μιαίνεται
999 1489 1095 1559 πόλις,

409 1601 486 1678 ξυνῇ
509 1597 658 1677 μελέσθω
683 1590 760 1665 λαός
784 1598 926 1658 ἐκπονεῖν
949 1597 1020 1678 ἄκη.

408 1704 471 1783 ε’τγιὶι
497 1705 523 1766 d’
549 1707 588 1766 ἂν
612 1705 650 1766 οιί
674 1705 828 1784 κραίνοιιιἸ
855 1705 1019 1784 ὑπόσχεσιν
1043 1705 1153 1782 πόρος,

194 1938 249 1997 De
273 1933 424 1999 comitiis
449 1932 558 1998 totius
581 1932 701 2019 populi
727 1933 957 2017 intellegendi
983 1945 1066 1998 sunt
1090 1956 1212 1998 versus

286 2064 350 2124 604
409 2063 514 2142 όήμοο
538 2068 699 2141 κρατοῦσα
722 2063 788 2141 χείρ
812 2062 843 2122 θ’
869 2063 931 2147 ὅπῃ
955 2062 1145 2141 alariarum

226 2177 261 2232 et
286 2169 385 2233 60718
410 2169 573 2254 πανδημίᾳ
598 2169 657 2248 γὰρ
681 2168 767 2250 χερσὶ
792 2167 996 2248 δεξιωνύμοις

409 2278 533 2356 ἔφριξεν
557 2275 658 2356 αἰθὴρ
681 2275 770 2338 τόνόε
794 2276 988 2356 κραινόντων
1011 2277 1105 2356 λόγον

195 2415 334 2500 Quibus
364 2415 522 2481 versibus
546 2418 761 2500 Aeschylum
791 2439 864 2480 rem
888 2416 1065 2501 publicam
1090 2416 1305 2502 Argivorum
1330 2428 1370 2482 ut

197 2535 272 2588 tum
309 2523 415 2589 fuerit
450 2523 642 2608 depingere
676 2524 715 2590 E.
742 2527 904 2607 Meyerus
933 2526 1083 2607 censet⁸l
1114 2544 1263 2610 cumque
1297 2524 1372 2610 ipsc

196 2629 478 2716 antiquissimam
513 2631 604 2696 hanc
636 2630 792 2695 fabulam
825 2652 901 2695 esse
936 2640 1079 2713 statuat,
1119 2653 1162 2694 ex
1197 2630 1372 2714 Aeschylo

195 2737 362 2803 historiae
379 2737 534 2822 Argivae
558 2739 672 2802 lucem
697 2738 821 2802 afferre
837 2748 999 2802 conatur:
1040 2737 1125 2819 „Die
1143 2737 1371 2803 Demokratie

196 2844 232 2908 in
257 2846 373 2928 Argos
397 2844 491 2930 zeigt
515 2846 711 2928 Aeschylus
737 2842 1083 2928 Hiketidentrilogie,
1113 2844 1169 2909 die
1193 2842 1373 2909 vielleicht

195 2952 287 3017 noch
318 2974 381 3016 vor
412 2956 476 3016 480
500 2953 584 3017 fallt.
632 2950 691 3017 Sie
720 2952 903 3036 iibertriigt
932 2951 988 3016 die
1012 2951 1190 3017 Zusti‘mde
1219 2953 1281 3016 der
1304 2952 1371 3016 Ge-

197 3071 356 3143 genwart
380 3057 415 3123 in
441 3057 497 3123 die
521 3057 597 3123 Zeit
621 3060 682 3123 des
709 3060 883 3144 Pelasgos,
908 3060 968 3124 der
994 3059 1115 3143 Kiinig
1139 3059 1281 3145 (Herod.
1300 3060 1370 3124 VII

200 3166 274 3251 149)
302 3165 348 3231 ist
377 3165 488 3251 viillig
516 3167 698 3246 nrachtlos
728 3167 790 3231 das
818 3167 912 3232 Volk
941 3165 1161 3231 entscheidet
1196 3166 1282 3231 iiber
1314 3163 1371 3228 die

195 3274 399 3338 Auinahme
423 3274 484 3338 des
502 3276 671 3340 Danaos.“
707 3275 868 3343 Eandem
893 3275 963 3339 fere
981 3271 1194 3339 sententiam
1218 3284 1253 3338 et
1269 3274 1371 3358 plura

195 3381 340 3467 insuper
369 3392 589 3446 commentus
617 3381 791 3466 Bergkius
818 3382 996 3468 professus
1025 3391 1106 3445 erat.
1159 3366 1260 3462 ‘Quae
1283 3400 1370 3443 num

196 3499 289 3554 recte
305 3487 494 3554 statuerint
519 3487 584 3554 viri
601 3486 651 3553 illi
669 3485 972 3573 praestantissimi,
989 3487 1092 3552 valde
1110 3483 1240 3552 dubito
1277 3488 1372 3552 Nam

196 3617 240 3661 ex
264 3595 324 3661 illo
350 3595 522 3662 Herodoti
553 3592 763 3675 testimonio,
796 3594 889 3680 quod
915 3597 1078 3678 Meyerus
1108 3592 1236 3675 attulit,
1276 3614 1370 3658 anno

197 3707 263 3766 480
286 3701 392 3787 Argis
417 3704 576 3767 nondum
600 3700 721 3789 populi
746 3701 927 3787 suffragiis
951 3702 1012 3766 sed
1037 3722 1218 3790 procerum
1244 3709 1370 3766 senatu

196 3810 316 3875 omnia
339 3821 433 3876 recta
458 3831 533 3875 esse
557 3820 710 3897 apparet.
760 3810 856 3874 Idem
881 3810 924 3873 de
949 3810 1015 3873 hac
1039 3832 1075 3873 re
1099 3806 1313 3893 Gilbertus⁹)
1337 3818 1373 3873 et

198 3914 591 4002 Busoltius¹⁰liudicant
609 3919 738 3981 Narrat
750 3927 866 3981 autem
878 3918 1080 3981 Herodotus
1094 3917 1175 4000 (Vll
1187 3914 1370 4000 148lhaec:

196 4037 411 4045 »βψ-,ἠμυ-

321 4078 345 4164 8)
372 4082 557 4141 Geschicbte
582 4084 637 4140 des
661 4084 824 4140 Altertums
848 4083 889 4139 lll
914 4082 987 4143 321.

322 4174 348 4246 ⁹)
371 4171 568 4230 Griechisclre
592 4171 869 4230 Staatsaltertirmer
892 4171 920 4228 ll
945 4172 995 4230 77.

309 4262 346 4339 ¹⁰)
371 4261 569 4320 Griechische
594 4259 778 4320 Geschichte
803 4260 845 4317 Ill
874 4261 944 4319 114.
