3136 4914
618 346 658 352 ,.
706 303 758 370 73-
796 345 836 352 -

143 518 291 607 preteris
314 521 469 602 βασιλέας,
493 528 535 583 ut
557 517 767 584 scholiastae
782 517 927 604 placuit,
938 520 1007 586 ¹sed
1023 517 1117 586 viros
1133 517 1194 605 qui
1211 529 1323 596 terrae

145 627 341 708 consulant,
351 623 425 711 *qui
450 623 596 692 consilio
620 636 656 690 et
672 623 845 711 sapientia
861 646 935 693 rem
950 623 1128 712 publicam
1143 647 1266 711 regere
1282 649 1323 690 ac

146 736 344 823 gubernare
366 730 512 818 possint,
536 742 577 799 ut
600 730 636 796 in
661 732 767 818 Soph.
793 730 871 800 Oid.
894 729 929 816 β’
954 755 984 798 v.
1013 736 1074 797 145
1098 753 1200 798 senes
1224 730 1322 801 chori

144 847 257 927 ἔφοροι
284 838 394 924 χώρας
417 837 655 905 nominantur.
703 840 862 922 Quorum
890 861 953 927 pro
981 839 1095 905 salute
1123 837 1242 927 sta-y(
1270 861 1324 905 ro-

50 941 52 949 ’
141 958 259 1036 ,gatun
288 945 420 1013 etenim
448 955 489 1011 ut
517 957 718 1012 accrescant
745 957 781 1011 et
808 944 1012 1012 nutriantur
1039 967 1125 1032 pace
1152 967 1243 1012 neve
1271 944 1322 1037 eis

145 1059 275 1122 damno
315 1051 366 1119 sit
404 1053 579 1121 tumultus
622 1049 704 1118 belli
748 1063 784 1118 et
822 1050 1034 1119 incursionis
1077 1051 1216 1118 hostilis
1259 1063 1323 1118 aut

144 1164 388 1232 morbororum
423 1181 562 1245 agmen,
598 1157 762 1245 Apolline
797 1158 907 1244 Lycio
941 1161 1084 1226 favente
1093 1157 1154 1247 ¹⁴⁵).
1207 1160 1322 1224 Multo

145 1268 257 1356 igitur
280 1266 422 1333 uberius
447 1287 553 1351 quam
579 1264 683 1332 ceteri
706 1276 832 1352 poetae
860 1277 896 1332 et
919 1264 1104 1352 scriptores
1124 1266 1322 1350 Aeschylus

145 1378 240 1442 hanc
272 1385 409 1463 partem
443 1384 615 1455 votorum,
651 1394 721 1458 qua
756 1374 800 1438 de
834 1371 1020 1440 hominum
1047 1374 1161 1440 salute
1192 1370 1321 1458 agitur,

146 1480 311 1554 tractavit
345 1503 456 1566 eaque
491 1480 535 1545 ad
570 1479 707 1546 felicem
746 1479 842 1546 urbis
880 1490 1013 1546 statum
1052 1478 1321 1546 describendum

145 1612 231 1656 usus
259 1600 320 1656 est.
367 1587 438 1655 Sed
466 1586 672 1653 brevissime
695 1585 731 1652 in
757 1599 827 1653 ant
852 1585 885 1676 γ’
910 1589 1073 1653 arborum
1097 1598 1133 1654 et
1154 1606 1321 1673 pecorum

144 1695 400 1764 fecunditatem
433 1704 620 1776 memorat3
657 1704 733 1760 tum
768 1694 896 1761 verbis:
935 1690 974 1760 νδ
1010 1702 1080 1759 πᾶν
1119 1683 1153 1760 δ’
1182 1697 1217 1759 ἐκ
1251 1696 1322 1760 δαι-

144 1803 256 1888 μόνων
284 1800 415 1886 λάχοιεν
443 1799 655 1866 solemnium
679 1811 843 1867 votorum
867 1823 995 1887 agmen
1022 1800 1204 1867 clauditur.
1251 1800 1323 1870 Ex-

146 1922 297 1977 tremum
333 1905 484 1992 denique
512 1917 635 1973 votum
664 1929 732 1992 quo
757 1909 884 1973 chorus
906 1918 1077 1994 precatur,
1113 1919 1153 1974 ut
1176 1906 1321 1996 hymnis

145 2018 189 2084 ad
229 2039 306 2082 aras
350 2014 384 2079 di
430 2015 662 2096 celebrentur,
706 2025 846 2080 tantum
889 2015 983 2100 apud
1020 2014 1234 2097 Aeschylum
1275 2016 1322 2078 le-

146 2123 250 2210 gitur.
298 2120 478 2208 Cogitavit
508 2132 626 2187 autem
650 2133 755 2206 poeta
783 2122 827 2187 de
853 2119 977 2186 diebus
1000 2119 1099 2187 festis
1129 2142 1169 2185 ac
1198 2122 1322 2186 solem-

146 2230 251 2297 nibus
279 2240 360 2316 post
382 2243 535 2294 messem
559 2226 689 2314 ubique
714 2226 884 2294 Graeciae
905 2227 1052 2312 *habitis
1076 2226 1204 2316 quibus
1228 2227 1321 2292 inter

144 2337 401 2404 immolandum
439 2333 582 2419 hymnis
617 2357 757 2420 quoque
796 2335 849 2400 dis
888 2333 1146 2401 immortalibus
1185 2334 1320 2420 gratiae
1435 2418 1437 2420 Ι

147 2446 353 2530 agebantur.
402 2443 506 2525 Quod
530 2454 654 2508 votum
679 2464 748 2527 quo
773 2441 919 2508 consilio
935 2442 1133 2526 Aeschylus
1157 2464 1237 2506 cum
1261 2465 1322 2507 an-

146 2549 390 2617 tecedentibus
430 2548 664 2630 coniunxerit,
704 2548 836 2633 optime
875 2551 941 2614 hoc
980 2550 1056 2614 loeo
1095 2548 1320 2615 Aristotelico

145 2657 341 2725 illustratur
350 2657 416 2746 ¹⁴⁶):
449 2660 488 2721 οὗ
512 2658 571 2740 γὰρ
605 2662 660 2722 eoi:
687 2653 847 2742 παρόντος
878 2659 1098 2738 συμφέροντος
1129 2659 1148 2738 ἡ
1176 2658 1319 2738 πολιτικὴ

145 2769 269 2849 ἐφίεται,
286 2767 348 2828 ἀλλ’
363 2768 407 2835 είς
422 2767 544 2828 ἅπαντα
555 2765 609 2828 τδν
620 2765 698 2847 βίον,
714 2765 828 2834 δυσίας
839 2789 870 2826 τε
881 2771 1045 2832 ποιοῦντες
1056 2765 1109 2834 καὶ
1122 2765 1195 2848 περὶ
1205 2766 1321 2842 ταύτας

143 2870 312 2953 συνόδους,
347 2872 438 2954 τιμὰς
466 2873 675 2954 ἀπονέμοντες
702 2877 765 2941 τοῖς
792 2872 886 2943 δεοῖς,
914 2872 968 2933 καὶ
996 2872 1103 2940 αὐτοῖς
1131 2872 1321 2941 ἀναπαύσεις

144 2981 322 3064 πορίζοντες
333 2980 405 3061 μεθ’
413 2979 538 3062 ἡδονῆς.
568 2980 600 3042 αἱ
612 2979 672 3060 γὰρ
684 2979 811 3060 ἀρχαῖαι
823 2979 934 3041 δυσίαι
946 2978 1000 3040 καὶ
1012 2977 1142 3042 σύνοδοι
1157 2979 1320 3059 φαίνονται

145 3070 294 3170 γίνεσθαί
317 3086 395 3169 μετὰ
422 3092 486 3149 τῶν
513 3091 646 3169 καρπῶν
673 3085 867 3167 συγκομιδὰς
895 3085 962 3147 οἷον
986 3086 1147 3167 ἀπαρχαί·
1191 3083 1257 3150 Str.
1284 3095 1321 3148 et

145 3202 215 3258 ant.
231 3189 264 3256 δ’
277 3189 347 3256 iam
354 3175 406 3256 ”eo
423 3191 516 3279 quod
533 3191 646 3256 multo
663 3187 808 3275 gravius
820 3200 950 3255 sonant
961 3189 1014 3276 ¹⁴⁷)
1028 3191 1071 3255 ab
1085 3188 1320 3282 antecedenti-

142 3293 212 3364 bus
236 3297 507 3382 distinguuntur
529 3296 588 3379 ita,
616 3307 656 3362 ut
680 3296 846 3363 tertiam
869 3307 1027 3384 partem
1052 3293 1215 3361 efficiant.
1263 3299 1320 3360 ln-

146 3416 230 3471 sunt
254 3415 374 3470 autem
398 3402 662 3469 adhortationes
685 3402 801 3488 magis
825 3425 931 3489 quarn
954 3414 1046 3485 vota,
1082 3425 1163 3468 cum
1192 3404 1319 3468 chorus

147 3512 213 3577 tria
248 3511 308 3576 illa
344 3509 565 3577 sanctissima
598 3509 701 3591 iussa,
737 3522 776 3576 ut
810 3509 846 3574 in
875 3533 912 3575 re
940 3509 1080 3595 publica
1104 3508 1319 3595 Argivorum

144 3657 359 3667 .--—--———

258 3727 314 3812 ¹⁴⁵)
338 3732 405 3787 Hac
430 3749 461 3788 re
486 3749 524 3787 ne
550 3730 616 3806 quis
640 3732 679 3786 ad
702 3731 842 3787 Athenas
865 3731 975 3805 respici
1000 3731 1176 3805 suspicetur,
1192 3749 1319 3789 monen-

147 3817 220 3877 dum
244 3829 291 3877 est
315 3821 407 3877 etiam
432 3821 462 3876 in
486 3820 552 3876 aliis
576 3819 685 3876 fabulis
708 3820 881 3894 Apollinem
904 3819 1038 3894 Lycium,
1054 3820 1179 3876 Athenis
1204 3821 1317 3877 cultum

145 3911 288 3976 invocari,
304 3910 357 3965 ubi
373 3908 606 3966 Atheniensium
622 3926 671 3965 res
687 3908 769 3982 attigi
786 3926 876 3965 neruo
889 3915 995 3982 putare
1008 3915 1122 3983 potest:
1147 3907 1229 3983 Sept.
1247 3907 1317 3969 145.

146 3999 216 4055 Oid.
233 3992 268 4058 α’
287 3996 358 4058 203.
378 3997 449 4058 919.
498 3997 641 4054 Ceterum
658 3999 850 4072 Appollinem
866 3997 990 4072 Lycium
1007 3997 1083 4074 inter
1104 3997 1178 4054 deos
1194 3999 1319 4072 Argivos

145 4088 321 4255 primarium
344 4088 446 4144 locum
470 4087 612 4233 habuigse
636 4105 726 4143 nemo
752 4094 798 4142 est
821 4086 891 4160 quin
917 4086 1001 4143 sciat.

257 4176 300 4216 ¹⁴⁶
336 4175 401 4235 Eth.
427 4175 491 4234 Nic.
520 4175 554 4233 ll
584 4174 611 4233 0.
637 4194 661 4235 a.
688 4175 737 4236 21.

257 4266 308 4339 ¹⁴7)
333 4264 481 4321 Schroder
505 4267 522 4320 l.
540 4283 565 4321 c.
589 4284 617 4338 p.
638 4264 686 4324 13.
