<?xml version="1.0" encoding="UTF-8"?>
<!DOCTYPE html PUBLIC "-//W3C//DTD XHTML 1.0 Transitional//EN"
    "http://www.w3.org/TR/xhtml1/DTD/xhtml1-transitional.dtd">
<html xmlns="http://www.w3.org/1999/xhtml" xml:lang="en" lang="en">
 <head>
  <title>
</title>
<meta http-equiv="Content-Type" content="text/html;charset=utf-8" />
  <meta name='ocr-system' content='tesseract 3.04.00' />
  <meta name='ocr-capabilities' content='ocr_page ocr_carea ocr_par ocr_line ocrx_word'/>
</head>
<body>
  <div class='ocr_page' id='page_1' title='image "./deaeschylisuppl00mlgoog_0020.png"; bbox 0 0 3136 4914; ppageno 0'>
   <div class='ocr_carea' id='block_1_1' title="bbox 665 335 887 406">
    <p class='ocr_par' dir='ltr' id='par_1_1' title="bbox 665 335 887 406">
     <span class='ocr_line' id='line_1_1' title="bbox 665 335 887 406; baseline 0.009 -18"><span class='ocrx_word' id='word_1_1' title='bbox 665 335 887 406; x_wconf 60' lang='lat'>„13-</span> 
     </span>
    </p>
   </div>
   <div class='ocr_carea' id='block_1_2' title="bbox 194 550 1380 2466">
    <p class='ocr_par' dir='ltr' id='par_1_2' title="bbox 194 550 1380 2466">
     <span class='ocr_line' id='line_1_2' title="bbox 196 550 1380 639; baseline -0.006 -17"><span class='ocrx_word' id='word_1_2' title='bbox 196 559 304 623; x_wconf 90' lang='lat' dir='ltr'>Hunc</span> <span class='ocrx_word' id='word_1_3' title='bbox 343 577 483 624; x_wconf 85' lang='lat' dir='ltr'>versum</span> <span class='ocrx_word' id='word_1_4' title='bbox 525 550 678 621; x_wconf 86' lang='lat' dir='ltr'>illustrat</span> <span class='ocrx_word' id='word_1_5' title='bbox 714 552 915 639; x_wconf 85' lang='lat' dir='ltr'>Hesychius</span> <span class='ocrx_word' id='word_1_6' title='bbox 951 577 974 618; x_wconf 90' lang='lat' dir='ltr'>s.</span> <span class='ocrx_word' id='word_1_7' title='bbox 1008 577 1039 620; x_wconf 82' lang='lat' dir='ltr'>v.</span> <span class='ocrx_word' id='word_1_8' title='bbox 1074 553 1297 636; x_wconf 65' lang='lat' dir='ltr'>reponuntor·</span> <span class='ocrx_word' id='word_1_9' title='bbox 1338 551 1380 616; x_wconf 84' lang='grc' dir='ltr'>τὸ</span> 
     </span>
     <span class='ocr_line' id='line_1_3' title="bbox 195 656 1379 750; baseline -0.006 -20"><span class='ocrx_word' id='word_1_10' title='bbox 195 667 426 750; x_wconf 74' lang='grc' dir='ltr'><em>προκείμενον·</em></span> <span class='ocrx_word' id='word_1_11' title='bbox 464 665 533 731; x_wconf 80' lang='grc' dir='ltr'><em>οἷον</em></span> <span class='ocrx_word' id='word_1_12' title='bbox 556 664 729 748; x_wconf 76' lang='grc' dir='ltr'><em>πρόθυρον.</em></span> <span class='ocrx_word' id='word_1_13' title='bbox 767 664 845 728; x_wconf 89' lang='lat' dir='ltr'>Hoc</span> <span class='ocrx_word' id='word_1_14' title='bbox 870 658 979 748; x_wconf 85' lang='lat' dir='ltr'>igitur</span> <span class='ocrx_word' id='word_1_15' title='bbox 996 662 1206 726; x_wconf 82' lang='lat' dir='ltr'>vocabulum</span> <span class='ocrx_word' id='word_1_16' title='bbox 1232 656 1379 724; x_wconf 87' lang='lat' dir='ltr'>anticos</span> 
     </span>
     <span class='ocr_line' id='line_1_4' title="bbox 195 764 1377 859; baseline -0.006 -21"><span class='ocrx_word' id='word_1_17' title='bbox 195 774 320 840; x_wconf 88' lang='lat' dir='ltr'>domus</span> <span class='ocrx_word' id='word_1_18' title='bbox 347 769 497 859; x_wconf 89' lang='lat' dir='ltr'>parietes</span> <span class='ocrx_word' id='word_1_19' title='bbox 525 781 587 836; x_wconf 88' lang='lat' dir='ltr'>aut</span> <span class='ocrx_word' id='word_1_20' title='bbox 614 767 827 836; x_wconf 88' lang='lat' dir='ltr'>vestibulum</span> <span class='ocrx_word' id='word_1_21' title='bbox 853 767 1044 855; x_wconf 59' lang='lat' dir='ltr'>significan</span> <span class='ocrx_word' id='word_1_22' title='bbox 1079 767 1178 833; x_wconf 90' lang='lat' dir='ltr'>cuius</span> <span class='ocrx_word' id='word_1_23' title='bbox 1202 764 1377 832; x_wconf 85' lang='lat' dir='ltr'>vestibuli</span> 
     </span>
     <span class='ocr_line' id='line_1_5' title="bbox 194 875 1380 966; baseline -0.007 -20"><span class='ocrx_word' id='word_1_24' title='bbox 194 879 345 966; x_wconf 88' lang='lat' dir='ltr'>parietes</span> <span class='ocrx_word' id='word_1_25' title='bbox 357 877 539 946; x_wconf 89' lang='lat' dir='ltr'>interiores</span> <span class='ocrx_word' id='word_1_26' title='bbox 550 881 669 944; x_wconf 72' lang='grc' dir='ltr'><em>ἐνώπια</em></span> <span class='ocrx_word' id='word_1_27' title='bbox 682 875 921 964; x_wconf 87' lang='lat' dir='ltr'>intellegenda</span> <span class='ocrx_word' id='word_1_28' title='bbox 929 889 1020 942; x_wconf 90' lang='lat' dir='ltr'>sunt.</span> <span class='ocrx_word' id='word_1_29' title='bbox 1047 880 1170 961; x_wconf 89' lang='lat' dir='ltr'>ltaque</span> <span class='ocrx_word' id='word_1_30' title='bbox 1182 877 1380 959; x_wconf 80' lang='grc' dir='ltr'><em>πρανώπιον</em></span> 
     </span>
     <span class='ocr_line' id='line_1_6' title="bbox 194 982 1377 1069; baseline -0.006 -17"><span class='ocrx_word' id='word_1_31' title='bbox 194 988 342 1055; x_wconf 84' lang='lat' dir='ltr'>fortasse</span> <span class='ocrx_word' id='word_1_32' title='bbox 357 1008 479 1052; x_wconf 89' lang='lat' dir='ltr'>murus</span> <span class='ocrx_word' id='word_1_33' title='bbox 496 984 653 1052; x_wconf 88' lang='lat' dir='ltr'>Cimonis</span> <span class='ocrx_word' id='word_1_34' title='bbox 670 983 786 1051; x_wconf 78' lang='lat' dir='ltr'>vocari</span> <span class='ocrx_word' id='word_1_35' title='bbox 804 995 950 1069; x_wconf 84' lang='lat' dir='ltr'>poterat,</span> <span class='ocrx_word' id='word_1_36' title='bbox 966 982 1104 1053; x_wconf 78' lang='grc' dir='ltr'><em>ἐνώπιον</em></span> <span class='ocrx_word' id='word_1_37' title='bbox 1131 983 1230 1048; x_wconf 83' lang='grc' dir='ltr'>ηαΗο</span> <span class='ocrx_word' id='word_1_38' title='bbox 1253 983 1377 1047; x_wconf 89' lang='lat' dir='ltr'>modo.</span> 
     </span>
     <span class='ocr_line' id='line_1_7' title="bbox 197 1091 1379 1177; baseline -0.005 -18"><span class='ocrx_word' id='word_1_39' title='bbox 197 1098 337 1161; x_wconf 87' lang='lat' dir='ltr'>Praeter</span> <span class='ocrx_word' id='word_1_40' title='bbox 354 1096 549 1160; x_wconf 87' lang='lat' dir='ltr'>Homerum</span> <span class='ocrx_word' id='word_1_41' title='bbox 574 1104 609 1158; x_wconf 89' lang='lat' dir='ltr'>et</span> <span class='ocrx_word' id='word_1_42' title='bbox 626 1093 840 1176; x_wconf 85' lang='lat' dir='ltr'>Aeschylum</span> <span class='ocrx_word' id='word_1_43' title='bbox 858 1094 1008 1158; x_wconf 88' lang='lat' dir='ltr'>Alcaeus</span> <span class='ocrx_word' id='word_1_44' title='bbox 1032 1112 1170 1177; x_wconf 90' lang='lat' dir='ltr'>quoque</span> <span class='ocrx_word' id='word_1_45' title='bbox 1185 1091 1253 1155; x_wconf 92' lang='lat' dir='ltr'>hoc</span> <span class='ocrx_word' id='word_1_46' title='bbox 1268 1110 1379 1154; x_wconf 88' lang='lat' dir='ltr'>voca-</span> 
     </span>
     <span class='ocr_line' id='line_1_8' title="bbox 194 1197 1379 1287; baseline -0.003 -20"><span class='ocrx_word' id='word_1_47' title='bbox 194 1203 278 1269; x_wconf 90' lang='lat' dir='ltr'>bulo</span> <span class='ocrx_word' id='word_1_48' title='bbox 303 1223 387 1267; x_wconf 89' lang='lat' dir='ltr'>usus</span> <span class='ocrx_word' id='word_1_49' title='bbox 411 1200 522 1287; x_wconf 62' lang='lat' dir='ltr'>estv),</span> <span class='ocrx_word' id='word_1_50' title='bbox 546 1198 581 1265; x_wconf 89' lang='lat' dir='ltr'>in</span> <span class='ocrx_word' id='word_1_51' title='bbox 608 1198 761 1266; x_wconf 86' lang='lat' dir='ltr'>carmine</span> <span class='ocrx_word' id='word_1_52' title='bbox 785 1222 898 1284; x_wconf 84' lang='lat' dir='ltr'>nuper</span> <span class='ocrx_word' id='word_1_53' title='bbox 914 1211 1061 1284; x_wconf 80' lang='lat' dir='ltr'>repert0,</span> <span class='ocrx_word' id='word_1_54' title='bbox 1085 1197 1184 1264; x_wconf 89' lang='lat' dir='ltr'>cuius</span> <span class='ocrx_word' id='word_1_55' title='bbox 1200 1199 1268 1262; x_wconf 87' lang='lat' dir='ltr'>hae</span> <span class='ocrx_word' id='word_1_56' title='bbox 1285 1207 1379 1264; x_wconf 91' lang='lat' dir='ltr'>sunt</span> 
     </span>
     <span class='ocr_line' id='line_1_9' title="bbox 194 1305 735 1392; baseline -0.002 -19"><span class='ocrx_word' id='word_1_57' title='bbox 194 1307 341 1375; x_wconf 86' lang='lat' dir='ltr'>miserae</span> <span class='ocrx_word' id='word_1_58' title='bbox 366 1330 531 1374; x_wconf 88' lang='lat' dir='ltr'>versuum</span> <span class='ocrx_word' id='word_1_59' title='bbox 556 1305 735 1392; x_wconf 80' lang='lat' dir='ltr'>relliquiae</span> 
     </span>
     <span class='ocr_line' id='line_1_10' title="bbox 318 1415 1022 1499; baseline -0.003 -19"><span class='ocrx_word' id='word_1_60' title='bbox 318 1441 349 1484; x_wconf 86' lang='lat' dir='ltr'>v.</span> <span class='ocrx_word' id='word_1_61' title='bbox 378 1419 416 1480; x_wconf 86' lang='grc'>12</span> <span class='ocrx_word' id='word_1_62' title='bbox 434 1438 468 1480; x_wconf 87' lang='lat' dir='ltr'>ss</span> <span class='ocrx_word' id='word_1_63' title='bbox 470 1465 624 1480; x_wconf 92' lang='grc'><strong>.....</strong></span> <span class='ocrx_word' id='word_1_64' title='bbox 648 1415 657 1499; x_wconf 88' lang='grc'>]</span> <span class='ocrx_word' id='word_1_65' title='bbox 682 1441 739 1497; x_wconf 83' lang='grc' dir='ltr'>μοι</span> <span class='ocrx_word' id='word_1_66' title='bbox 761 1417 895 1497; x_wconf 75' lang='grc' dir='ltr'><em>μεθύων</em></span> <span class='ocrx_word' id='word_1_67' title='bbox 919 1418 1022 1498; x_wconf 70' lang='lat' dir='ltr'>(irione</span> 
     </span>
     <span class='ocr_line' id='line_1_11' title="bbox 523 1522 1180 1606; baseline -0.003 -21"><span class='ocrx_word' id='word_1_68' title='bbox 523 1575 529 1585; x_wconf 92' lang='lat'>.</span> <span class='ocrx_word' id='word_1_69' title='bbox 555 1575 560 1585; x_wconf 92' lang='lat'><strong>.</strong></span> <span class='ocrx_word' id='word_1_70' title='bbox 590 1527 635 1586; x_wconf 90' lang='grc' dir='ltr'>θα</span> <span class='ocrx_word' id='word_1_71' title='bbox 650 1522 660 1606; x_wconf 80' lang='lat' dir='ltr'>l</span> <span class='ocrx_word' id='word_1_72' title='bbox 678 1525 794 1593; x_wconf 78' lang='grc' dir='ltr'><em>λάσσας</em></span> <span class='ocrx_word' id='word_1_73' title='bbox 818 1525 985 1606; x_wconf 57' lang='lat' dir='ltr'>‹paldone-9³</span> <span class='ocrx_word' id='word_1_74' title='bbox 1010 1524 1056 1592; x_wconf 75' lang='grc' dir='ltr'>ὡς</span> <span class='ocrx_word' id='word_1_75' title='bbox 1079 1529 1180 1604; x_wconf 68' lang='lat' dir='ltr'>uriom</span> 
     </span>
     <span class='ocr_line' id='line_1_12' title="bbox 524 1630 1115 1714; baseline -0.002 -21"><span class='ocrx_word' id='word_1_76' title='bbox 524 1682 530 1693; x_wconf 88' lang='lat'><strong>.</strong></span> <span class='ocrx_word' id='word_1_77' title='bbox 555 1682 560 1693; x_wconf 91' lang='lat'><em>.</em></span> <span class='ocrx_word' id='word_1_78' title='bbox 587 1681 592 1693; x_wconf 94' lang='lat'><strong>.</strong></span> <span class='ocrx_word' id='word_1_79' title='bbox 618 1681 623 1693; x_wconf 93' lang='lat'><em>.</em></span> <span class='ocrx_word' id='word_1_80' title='bbox 648 1630 656 1714; x_wconf 80' lang='lat' dir='ltr'>l</span> <span class='ocrx_word' id='word_1_81' title='bbox 683 1632 806 1713; x_wconf 79' lang='grc' dir='ltr'><em>ναείὸιμ</em></span> <span class='ocrx_word' id='word_1_82' title='bbox 830 1632 945 1713; x_wconf 76' lang='grc' dir='ltr'><em>αἶθρον</em></span> <span class='ocrx_word' id='word_1_83' title='bbox 967 1633 1115 1714; x_wconf 65' lang='lat' dir='ltr'>tunnam</span> 
     </span>
     <span class='ocr_line' id='line_1_13' title="bbox 380 1734 1029 1822; baseline 0 -20"><span class='ocrx_word' id='word_1_84' title='bbox 380 1741 418 1802; x_wconf 84' lang='lat'>15</span> <span class='ocrx_word' id='word_1_85' title='bbox 523 1790 528 1801; x_wconf 93' lang='lat'><em>.</em></span> <span class='ocrx_word' id='word_1_86' title='bbox 554 1789 559 1801; x_wconf 94' lang='lat'><strong>.</strong></span> <span class='ocrx_word' id='word_1_87' title='bbox 585 1789 590 1800; x_wconf 93' lang='lat'><em>.</em></span> <span class='ocrx_word' id='word_1_88' title='bbox 616 1789 621 1800; x_wconf 90' lang='lat'><em>.</em></span> <span class='ocrx_word' id='word_1_89' title='bbox 646 1736 654 1822; x_wconf 79' lang='lat'>1</span> <span class='ocrx_word' id='word_1_90' title='bbox 681 1740 809 1808; x_wconf 80' lang='grc' dir='ltr'><em>αθενιες</em></span> <span class='ocrx_word' id='word_1_91' title='bbox 833 1739 879 1808; x_wconf 82' lang='grc' dir='ltr'>ὡς</span> <span class='ocrx_word' id='word_1_92' title='bbox 901 1734 1029 1821; x_wconf 82' lang='grc' dir='ltr'><em>τάχιστα</em></span> 
     </span>
     <span class='ocr_line' id='line_1_14' title="bbox 522 1844 1087 1928; baseline 0.002 -18"><span class='ocrx_word' id='word_1_93' title='bbox 522 1895 529 1910; x_wconf 89' lang='grc'>.</span> <span class='ocrx_word' id='word_1_94' title='bbox 555 1896 560 1907; x_wconf 95' lang='grc'>.</span> <span class='ocrx_word' id='word_1_95' title='bbox 585 1897 590 1907; x_wconf 89' lang='grc'>.</span> <span class='ocrx_word' id='word_1_96' title='bbox 616 1897 621 1907; x_wconf 89' lang='grc'>.</span> <span class='ocrx_word' id='word_1_97' title='bbox 646 1844 655 1928; x_wconf 75' lang='lat' dir='ltr'>J</span> <span class='ocrx_word' id='word_1_98' title='bbox 681 1845 762 1909; x_wconf 82' lang='grc' dir='ltr'>αὸαν</span> <span class='ocrx_word' id='word_1_99' title='bbox 786 1845 943 1927; x_wconf 80' lang='grc' dir='ltr'><em>καμάκων</em></span> <span class='ocrx_word' id='word_1_100' title='bbox 967 1845 1087 1912; x_wconf 76' lang='grc' dir='ltr'><em>ἑλόντες</em></span> 
     </span>
     <span class='ocr_line' id='line_1_15' title="bbox 525 1951 1080 2036; baseline 0.002 -22"><span class='ocrx_word' id='word_1_101' title='bbox 525 2004 531 2014; x_wconf 90' lang='grc'><strong>.</strong></span> <span class='ocrx_word' id='word_1_102' title='bbox 556 2004 562 2014; x_wconf 90' lang='grc'><strong>.</strong></span> <span class='ocrx_word' id='word_1_103' title='bbox 588 2004 593 2014; x_wconf 92' lang='grc'><strong>.</strong></span> <span class='ocrx_word' id='word_1_104' title='bbox 618 1951 658 2036; x_wconf 76' lang='lat' dir='ltr'>l]</span> <span class='ocrx_word' id='word_1_105' title='bbox 687 1954 804 2035; x_wconf 80' lang='grc' dir='ltr'><em>ύιιαμεν</em></span> <span class='ocrx_word' id='word_1_106' title='bbox 826 1954 890 2034; x_wconf 79' lang='grc' dir='ltr'>πρό</span> <span class='ocrx_word' id='word_1_107' title='bbox 913 1955 935 2015; x_wconf 79' lang='grc' dir='ltr'>τ’</span> <span class='ocrx_word' id='word_1_108' title='bbox 961 1953 1080 2016; x_wconf 78' lang='grc' dir='ltr'><em>ἐνώπια</em></span> 
     </span>
     <span class='ocr_line' id='line_1_16' title="bbox 525 2056 1277 2143; baseline -0.004 -21"><span class='ocrx_word' id='word_1_109' title='bbox 525 2111 530 2122; x_wconf 94' lang='grc'><em>.</em></span> <span class='ocrx_word' id='word_1_110' title='bbox 555 2113 561 2122; x_wconf 97' lang='grc'>.</span> <span class='ocrx_word' id='word_1_111' title='bbox 587 2111 593 2122; x_wconf 90' lang='grc'><strong>.</strong></span> <span class='ocrx_word' id='word_1_112' title='bbox 619 2111 623 2122; x_wconf 95' lang='grc'>.</span> <span class='ocrx_word' id='word_1_113' title='bbox 648 2059 657 2143; x_wconf 88' lang='grc'>]</span> <span class='ocrx_word' id='word_1_114' title='bbox 683 2083 794 2130; x_wconf 75' lang='grc' dir='ltr'><em>παντες</em></span> <span class='ocrx_word' id='word_1_115' title='bbox 817 2062 870 2124; x_wconf 80' lang='grc' dir='ltr'>καὶ</span> <span class='ocrx_word' id='word_1_116' title='bbox 893 2061 1113 2141; x_wconf 76' lang='grc' dir='ltr'><em>κ’ἶθαρώτεραι</em></span> <span class='ocrx_word' id='word_1_117' title='bbox 1165 2084 1192 2120; x_wconf 92' lang='grc' dir='ltr'>κ.</span> <span class='ocrx_word' id='word_1_118' title='bbox 1209 2082 1232 2120; x_wconf 84' lang='grc' dir='ltr'>τ.</span> <span class='ocrx_word' id='word_1_119' title='bbox 1249 2056 1277 2121; x_wconf 87' lang='grc' dir='ltr'>λ.</span> 
     </span>
     <span class='ocr_line' id='line_1_17' title="bbox 195 2161 1373 2252; baseline -0.004 -19"><span class='ocrx_word' id='word_1_120' title='bbox 195 2168 298 2250; x_wconf 86' lang='lat' dir='ltr'>Quod</span> <span class='ocrx_word' id='word_1_121' title='bbox 333 2169 572 2252; x_wconf 81' lang='lat' dir='ltr'>fragmentum</span> <span class='ocrx_word' id='word_1_122' title='bbox 609 2164 667 2250; x_wconf 94' lang='lat' dir='ltr'>qui</span> <span class='ocrx_word' id='word_1_123' title='bbox 699 2164 808 2231; x_wconf 79' lang='lat' dir='ltr'>edidit</span> <span class='ocrx_word' id='word_1_124' title='bbox 837 2178 871 2231; x_wconf 88' lang='lat' dir='ltr'>et</span> <span class='ocrx_word' id='word_1_125' title='bbox 900 2163 1104 2250; x_wconf 85' lang='lat' dir='ltr'>explanavit</span> <span class='ocrx_word' id='word_1_126' title='bbox 1132 2161 1373 2232; x_wconf 85' lang='lat' dir='ltr'>Schubartius</span> 
     </span>
     <span class='ocr_line' id='line_1_18' title="bbox 194 2269 1372 2356; baseline 0 -18"><span class='ocrx_word' id='word_1_127' title='bbox 194 2275 313 2339; x_wconf 74' lang='grc' dir='ltr'><em>ἐνώπια</em></span> <span class='ocrx_word' id='word_1_128' title='bbox 346 2294 451 2338; x_wconf 88' lang='lat' dir='ltr'>sensu</span> <span class='ocrx_word' id='word_1_129' title='bbox 486 2274 635 2338; x_wconf 87' lang='lat' dir='ltr'>laterum</span> <span class='ocrx_word' id='word_1_130' title='bbox 668 2271 768 2338; x_wconf 75' lang='lat' dir='ltr'>navis</span> <span class='ocrx_word' id='word_1_131' title='bbox 802 2271 935 2338; x_wconf 90' lang='lat' dir='ltr'>scilicet</span> <span class='ocrx_word' id='word_1_132' title='bbox 968 2272 1184 2338; x_wconf 88' lang='lat' dir='ltr'>internorum</span> <span class='ocrx_word' id='word_1_133' title='bbox 1219 2269 1372 2356; x_wconf 81' lang='lat' dir='ltr'>accepit3</span> 
     </span>
     <span class='ocr_line' id='line_1_19' title="bbox 194 2376 1373 2466; baseline -0.003 -19"><span class='ocrx_word' id='word_1_134' title='bbox 194 2391 278 2447; x_wconf 90' lang='lat' dir='ltr'>sunt</span> <span class='ocrx_word' id='word_1_135' title='bbox 311 2378 421 2466; x_wconf 82' lang='lat' dir='ltr'>igitur</span> <span class='ocrx_word' id='word_1_136' title='bbox 456 2377 491 2445; x_wconf 90' lang='lat' dir='ltr'>in</span> <span class='ocrx_word' id='word_1_137' title='bbox 526 2380 592 2445; x_wconf 93' lang='lat' dir='ltr'>hoc</span> <span class='ocrx_word' id='word_1_138' title='bbox 626 2402 763 2464; x_wconf 89' lang='lat' dir='ltr'>quoque</span> <span class='ocrx_word' id='word_1_139' title='bbox 798 2382 996 2463; x_wconf 82' lang='lat' dir='ltr'>fragmento</span> <span class='ocrx_word' id='word_1_140' title='bbox 1030 2378 1180 2465; x_wconf 89' lang='lat' dir='ltr'>parietes</span> <span class='ocrx_word' id='word_1_141' title='bbox 1208 2376 1301 2442; x_wconf 91' lang='lat' dir='ltr'>inter</span> <span class='ocrx_word' id='word_1_142' title='bbox 1333 2400 1373 2444; x_wconf 91' lang='lat' dir='ltr'>se</span> 
     </span>
    </p>
   </div>
   <div class='ocr_carea' id='block_1_3' title="bbox 193 2484 1380 2894">
    <p class='ocr_par' dir='ltr' id='par_1_3' title="bbox 193 2484 1380 2894">
     <span class='ocr_line' id='line_1_20' title="bbox 194 2484 1372 2574; baseline -0.003 -21"><span class='ocrx_word' id='word_1_143' title='bbox 194 2485 354 2574; x_wconf 86' lang='lat' dir='ltr'>oppositi,</span> <span class='ocrx_word' id='word_1_144' title='bbox 384 2509 454 2552; x_wconf 90' lang='lat' dir='ltr'>non</span> <span class='ocrx_word' id='word_1_145' title='bbox 486 2484 676 2571; x_wconf 83' lang='lat' dir='ltr'>singularis</span> <span class='ocrx_word' id='word_1_146' title='bbox 704 2508 833 2552; x_wconf 87' lang='lat' dir='ltr'>murus.</span> <span class='ocrx_word' id='word_1_147' title='bbox 880 2489 922 2552; x_wconf 91' lang='lat' dir='ltr'>ln</span> <span class='ocrx_word' id='word_1_148' title='bbox 948 2485 1111 2571; x_wconf 88' lang='lat' dir='ltr'>Aeschyli</span> <span class='ocrx_word' id='word_1_149' title='bbox 1141 2487 1216 2551; x_wconf 93' lang='lat' dir='ltr'>loco</span> <span class='ocrx_word' id='word_1_150' title='bbox 1246 2487 1372 2550; x_wconf 77' lang='grc' dir='ltr'><em>ἐνώπια</em></span> 
     </span>
     <span class='ocr_line' id='line_1_21' title="bbox 193 2591 1370 2684; baseline -0.002 -24"><span class='ocrx_word' id='word_1_151' title='bbox 193 2604 313 2662; x_wconf 89' lang='lat' dir='ltr'>manet</span> <span class='ocrx_word' id='word_1_152' title='bbox 337 2592 497 2660; x_wconf 78' lang='lat' dir='ltr'>aedificia</span> <span class='ocrx_word' id='word_1_153' title='bbox 519 2615 595 2660; x_wconf 89' lang='lat' dir='ltr'>esse</span> <span class='ocrx_word' id='word_1_154' title='bbox 610 2606 752 2680; x_wconf 91' lang='lat' dir='ltr'>propter</span> <span class='ocrx_word' id='word_1_155' title='bbox 775 2596 920 2661; x_wconf 86' lang='lat' dir='ltr'>verbum</span> <span class='ocrx_word' id='word_1_156' title='bbox 942 2598 1068 2684; x_wconf 62' lang='grc' dir='ltr'><em>ἔχουσα,</em></span> <span class='ocrx_word' id='word_1_157' title='bbox 1086 2594 1179 2681; x_wconf 91' lang='lat' dir='ltr'>quod</span> <span class='ocrx_word' id='word_1_158' title='bbox 1196 2613 1276 2657; x_wconf 92' lang='lat' dir='ltr'>cum</span> <span class='ocrx_word' id='word_1_159' title='bbox 1293 2591 1370 2658; x_wconf 92' lang='lat' dir='ltr'>vim</span> 
     </span>
     <span class='ocr_line' id='line_1_22' title="bbox 193 2698 1380 2787; baseline -0.003 -19"><span class='ocrx_word' id='word_1_160' title='bbox 193 2703 323 2768; x_wconf 90' lang='lat' dir='ltr'>habeat</span> <span class='ocrx_word' id='word_1_161' title='bbox 345 2699 517 2786; x_wconf 73' lang='lat' dir='ltr'>„tenendi</span> <span class='ocrx_word' id='word_1_162' title='bbox 541 2699 771 2787; x_wconf 73' lang='lat' dir='ltr'>possidendi‘,</span> <span class='ocrx_word' id='word_1_163' title='bbox 797 2701 851 2766; x_wconf 91' lang='lat' dir='ltr'>cui</span> <span class='ocrx_word' id='word_1_164' title='bbox 877 2701 930 2768; x_wconf 80' lang='lat' dir='ltr'>vis</span> <span class='ocrx_word' id='word_1_165' title='bbox 947 2699 1106 2783; x_wconf 77' lang='lat' dir='ltr'>‚,tuendi“</span> <span class='ocrx_word' id='word_1_166' title='bbox 1122 2698 1380 2787; x_wconf 68' lang='lat' dir='ltr'>admisceatur,⁸</span> 
     </span>
     <span class='ocr_line' id='line_1_23' title="bbox 194 2806 1369 2894; baseline -0.002 -20"><span class='ocrx_word' id='word_1_167' title='bbox 194 2820 313 2894; x_wconf 87' lang='lat' dir='ltr'>aperte</span> <span class='ocrx_word' id='word_1_168' title='bbox 346 2809 446 2874; x_wconf 87' lang='lat' dir='ltr'>sedes</span> <span class='ocrx_word' id='word_1_169' title='bbox 486 2810 580 2891; x_wconf 82' lang='lat' dir='ltr'>deae,</span> <span class='ocrx_word' id='word_1_170' title='bbox 614 2806 814 2875; x_wconf 86' lang='lat' dir='ltr'>aedilicium</span> <span class='ocrx_word' id='word_1_171' title='bbox 845 2806 977 2874; x_wconf 87' lang='lat' dir='ltr'>scilicet</span> <span class='ocrx_word' id='word_1_172' title='bbox 1000 2806 1184 2893; x_wconf 81' lang='lat' dir='ltr'>indicat.³²)</span> <span class='ocrx_word' id='word_1_173' title='bbox 1248 2807 1369 2891; x_wconf 85' lang='lat' dir='ltr'>Atque</span> 
     </span>
    </p>
   </div>
   <div class='ocr_carea' id='block_1_4' title="bbox 190 2985 1368 4413">
    <p class='ocr_par' dir='ltr' id='par_1_4' title="bbox 304 2985 1321 3072">
     <span class='ocr_line' id='line_1_24' title="bbox 304 2985 1321 3072; baseline -0.002 -22"><span class='ocrx_word' id='word_1_174' title='bbox 304 2985 346 3072; x_wconf 87' lang='lat'>³¹)</span> <span class='ocrx_word' id='word_1_175' title='bbox 369 2992 504 3050; x_wconf 87' lang='lat' dir='ltr'>Berliner</span> <span class='ocrx_word' id='word_1_176' title='bbox 527 2991 778 3050; x_wconf 84' lang='lat' dir='ltr'>Klassihertexte.</span> <span class='ocrx_word' id='word_1_177' title='bbox 803 2995 869 3050; x_wconf 89' lang='lat' dir='ltr'>Vol.</span> <span class='ocrx_word' id='word_1_178' title='bbox 886 2993 912 3048; x_wconf 92' lang='lat' dir='ltr'>V</span> <span class='ocrx_word' id='word_1_179' title='bbox 931 2992 959 3051; x_wconf 84' lang='lat'>2.</span> <span class='ocrx_word' id='word_1_180' title='bbox 988 2991 1082 3055; x_wconf 84' lang='lat'><strong>1907.</strong></span> <span class='ocrx_word' id='word_1_181' title='bbox 1107 2988 1177 3071; x_wconf 87' lang='lat' dir='ltr'>(Xll</span> <span class='ocrx_word' id='word_1_182' title='bbox 1201 2990 1231 3058; x_wconf 83' lang='lat'>2,</span> <span class='ocrx_word' id='word_1_183' title='bbox 1258 2987 1321 3067; x_wconf 86' lang='lat'><strong>17.)</strong></span> 
     </span>
    </p>

    <p class='ocr_par' dir='ltr' id='par_1_5' title="bbox 190 3076 1368 4413">
     <span class='ocr_line' id='line_1_25' title="bbox 301 3076 1367 3164; baseline 0.001 -25"><span class='ocrx_word' id='word_1_184' title='bbox 301 3076 344 3164; x_wconf 74' lang='grc'>32)</span> <span class='ocrx_word' id='word_1_185' title='bbox 367 3080 510 3139; x_wconf 85' lang='lat' dir='ltr'>Ceterum</span> <span class='ocrx_word' id='word_1_186' title='bbox 553 3081 625 3138; x_wconf 88' lang='lat' dir='ltr'>mih-i</span> <span class='ocrx_word' id='word_1_187' title='bbox 668 3100 728 3139; x_wconf 91' lang='lat' dir='ltr'>non</span> <span class='ocrx_word' id='word_1_188' title='bbox 767 3084 856 3158; x_wconf 89' lang='lat' dir='ltr'>plane</span> <span class='ocrx_word' id='word_1_189' title='bbox 895 3083 1078 3157; x_wconf 86' lang='lat' dir='ltr'>persuadere</span> <span class='ocrx_word' id='word_1_190' title='bbox 1117 3099 1241 3157; x_wconf 86' lang='lat' dir='ltr'>possum</span> <span class='ocrx_word' id='word_1_191' title='bbox 1285 3076 1367 3140; x_wconf 87' lang='grc' dir='ltr'><em>ε’νώ-</em></span> 
     </span>
     <span class='ocr_line' id='line_1_26' title="bbox 192 3169 1368 3248; baseline -0.002 -18"><span class='ocrx_word' id='word_1_192' title='bbox 192 3192 248 3232; x_wconf 77' lang='grc' dir='ltr'><em>ιιια</em></span> <span class='ocrx_word' id='word_1_193' title='bbox 271 3171 352 3246; x_wconf 90' lang='lat' dir='ltr'>apud</span> <span class='ocrx_word' id='word_1_194' title='bbox 380 3171 525 3229; x_wconf 81' lang='lat' dir='ltr'>Alcaeum</span> <span class='ocrx_word' id='word_1_195' title='bbox 551 3189 619 3228; x_wconf 89' lang='lat' dir='ltr'>eam</span> <span class='ocrx_word' id='word_1_196' title='bbox 640 3170 891 3247; x_wconf 79' lang='lat' dir='ltr'>significationem</span> <span class='ocrx_word' id='word_1_197' title='bbox 915 3173 1029 3230; x_wconf 86' lang='lat' dir='ltr'>habere</span> <span class='ocrx_word' id='word_1_198' title='bbox 1054 3190 1144 3248; x_wconf 88' lang='lat' dir='ltr'>quam</span> <span class='ocrx_word' id='word_1_199' title='bbox 1169 3169 1368 3229; x_wconf 77' lang='lat' dir='ltr'>Schubartiua</span> 
     </span>
     <span class='ocr_line' id='line_1_27' title="bbox 191 3259 1368 3337; baseline -0.002 -19"><span class='ocrx_word' id='word_1_200' title='bbox 191 3263 262 3320; x_wconf 85' lang='lat' dir='ltr'>vult.</span> <span class='ocrx_word' id='word_1_201' title='bbox 308 3259 385 3318; x_wconf 89' lang='lat' dir='ltr'>Nam</span> <span class='ocrx_word' id='word_1_202' title='bbox 409 3260 481 3318; x_wconf 89' lang='lat' dir='ltr'>nihil</span> <span class='ocrx_word' id='word_1_203' title='bbox 505 3262 607 3318; x_wconf 86' lang='lat' dir='ltr'>obstat</span> <span class='ocrx_word' id='word_1_204' title='bbox 630 3262 701 3336; x_wconf 89' lang='lat' dir='ltr'>quin</span> <span class='ocrx_word' id='word_1_205' title='bbox 724 3261 774 3319; x_wconf 89' lang='lat' dir='ltr'>illo</span> <span class='ocrx_word' id='word_1_206' title='bbox 799 3263 867 3320; x_wconf 92' lang='lat' dir='ltr'>loco</span> <span class='ocrx_word' id='word_1_207' title='bbox 892 3259 1026 3328; x_wconf 74' lang='grc' dir='ltr'><em>ἐνώπιος</em></span> <span class='ocrx_word' id='word_1_208' title='bbox 1047 3261 1237 3337; x_wconf 81' lang='lat' dir='ltr'>adjectivum,</span> <span class='ocrx_word' id='word_1_209' title='bbox 1260 3259 1368 3328; x_wconf 74' lang='lat' dir='ltr'>subsit</span> 
     </span>
     <span class='ocr_line' id='line_1_28' title="bbox 192 3344 1368 3431; baseline 0.002 -23"><span class='ocrx_word' id='word_1_210' title='bbox 192 3352 274 3426; x_wconf 83' lang='lat' dir='ltr'>quod</span> <span class='ocrx_word' id='word_1_211' title='bbox 287 3350 367 3424; x_wconf 88' lang='lat' dir='ltr'>apud</span> <span class='ocrx_word' id='word_1_212' title='bbox 380 3349 576 3408; x_wconf 84' lang='lat' dir='ltr'>Theocritum</span> <span class='ocrx_word' id='word_1_213' title='bbox 590 3349 641 3416; x_wconf 84' lang='lat'>22,</span> <span class='ocrx_word' id='word_1_214' title='bbox 655 3349 715 3409; x_wconf 89' lang='grc'>152</span> <span class='ocrx_word' id='word_1_215' title='bbox 728 3346 747 3431; x_wconf 78' lang='grc' dir='ltr'><strong><em>ᾖ</em></strong></span> <span class='ocrx_word' id='word_1_216' title='bbox 760 3348 825 3430; x_wconf 79' lang='grc' dir='ltr'>μὴν</span> <span class='ocrx_word' id='word_1_217' title='bbox 837 3344 991 3417; x_wconf 75' lang='grc' dir='ltr'>πολλάκις</span> <span class='ocrx_word' id='word_1_218' title='bbox 1003 3349 1101 3429; x_wconf 73' lang='grc' dir='ltr'><em>ὔμμιν</em></span> <span class='ocrx_word' id='word_1_219' title='bbox 1113 3347 1250 3410; x_wconf 81' lang='grc' dir='ltr'><em>ἐνώπιον</em></span> <span class='ocrx_word' id='word_1_220' title='bbox 1261 3346 1368 3427; x_wconf 84' lang='grc' dir='ltr'><em>ἀμφο-</em></span> 
     </span>
     <span class='ocr_line' id='line_1_29' title="bbox 191 3429 1366 3520; baseline -0.001 -23"><span class='ocrx_word' id='word_1_221' title='bbox 191 3436 324 3520; x_wconf 80' lang='grc' dir='ltr'><em>τέροισιν</em></span> <span class='ocrx_word' id='word_1_222' title='bbox 340 3429 436 3506; x_wconf 74' lang='grc' dir='ltr'><em>αὐτός</em></span> <span class='ocrx_word' id='word_1_223' title='bbox 452 3434 515 3517; x_wconf 78' lang='grc' dir='ltr'>ἐγὼ</span> <span class='ocrx_word' id='word_1_224' title='bbox 531 3435 596 3498; x_wconf 77' lang='grc' dir='ltr'>τὰδ’</span> <span class='ocrx_word' id='word_1_225' title='bbox 614 3438 700 3499; x_wconf 82' lang='grc' dir='ltr'><em>ἕειπα</em></span> <span class='ocrx_word' id='word_1_226' title='bbox 716 3441 831 3516; x_wconf 84' lang='lat' dir='ltr'>legitur.</span> <span class='ocrx_word' id='word_1_227' title='bbox 856 3438 942 3500; x_wconf 88' lang='lat' dir='ltr'>Nam</span> <span class='ocrx_word' id='word_1_228' title='bbox 959 3440 1045 3497; x_wconf 89' lang='lat' dir='ltr'>huius</span> <span class='ocrx_word' id='word_1_229' title='bbox 1063 3439 1203 3497; x_wconf 86' lang='lat' dir='ltr'>carminis</span> <span class='ocrx_word' id='word_1_230' title='bbox 1219 3455 1366 3496; x_wconf 86' lang='lat' dir='ltr'>scaenam</span> 
     </span>
     <span class='ocr_line' id='line_1_30' title="bbox 192 3526 1366 3606; baseline 0.001 -21"><span class='ocrx_word' id='word_1_231' title='bbox 192 3530 222 3585; x_wconf 86' lang='lat' dir='ltr'>in</span> <span class='ocrx_word' id='word_1_232' title='bbox 245 3528 321 3585; x_wconf 91' lang='lat' dir='ltr'>mari</span> <span class='ocrx_word' id='word_1_233' title='bbox 345 3526 436 3585; x_wconf 82' lang='lat' dir='ltr'>luisse</span> <span class='ocrx_word' id='word_1_234' title='bbox 459 3528 638 3587; x_wconf 87' lang='lat' dir='ltr'>Schubartio</span> <span class='ocrx_word' id='word_1_235' title='bbox 664 3547 723 3587; x_wconf 90' lang='lat' dir='ltr'>non</span> <span class='ocrx_word' id='word_1_236' title='bbox 748 3530 849 3588; x_wconf 90' lang='lat' dir='ltr'>credo.</span> <span class='ocrx_word' id='word_1_237' title='bbox 897 3529 957 3596; x_wconf 88' lang='lat' dir='ltr'>Qui</span> <span class='ocrx_word' id='word_1_238' title='bbox 982 3528 1006 3585; x_wconf 89' lang='lat' dir='ltr'>si</span> <span class='ocrx_word' id='word_1_239' title='bbox 1027 3530 1169 3606; x_wconf 83' lang='lat' dir='ltr'>explanat</span> <span class='ocrx_word' id='word_1_240' title='bbox 1195 3545 1268 3600; x_wconf 86' lang='lat' dir='ltr'>„aus</span> <span class='ocrx_word' id='word_1_241' title='bbox 1292 3526 1366 3586; x_wconf 89' lang='lat' dir='ltr'>dem</span> 
     </span>
     <span class='ocr_line' id='line_1_31' title="bbox 190 3616 1366 3694; baseline -0.001 -19"><span class='ocrx_word' id='word_1_242' title='bbox 190 3635 251 3676; x_wconf 79' lang='lat' dir='ltr'>was</span> <span class='ocrx_word' id='word_1_243' title='bbox 274 3617 337 3675; x_wconf 83' lang='lat' dir='ltr'>sich</span> <span class='ocrx_word' id='word_1_244' title='bbox 363 3616 509 3675; x_wconf 85' lang='lat' dir='ltr'>allenfalls</span> <span class='ocrx_word' id='word_1_245' title='bbox 532 3619 691 3676; x_wconf 83' lang='lat' dir='ltr'>verstehen</span> <span class='ocrx_word' id='word_1_246' title='bbox 716 3621 796 3687; x_wconf 70' lang='lat' dir='ltr'>lasst</span> <span class='ocrx_word' id='word_1_247' title='bbox 818 3637 940 3694; x_wconf 85' lang='lat' dir='ltr'>vermag</span> <span class='ocrx_word' id='word_1_248' title='bbox 964 3619 1012 3676; x_wconf 88' lang='lat' dir='ltr'>ich</span> <span class='ocrx_word' id='word_1_249' title='bbox 1036 3637 1091 3676; x_wconf 88' lang='lat' dir='ltr'>nur</span> <span class='ocrx_word' id='word_1_250' title='bbox 1115 3637 1147 3676; x_wconf 91' lang='lat' dir='ltr'>so</span> <span class='ocrx_word' id='word_1_251' title='bbox 1171 3617 1230 3676; x_wconf 86' lang='lat' dir='ltr'>viel</span> <span class='ocrx_word' id='word_1_252' title='bbox 1246 3635 1282 3674; x_wconf 82' lang='lat' dir='ltr'>zu</span> <span class='ocrx_word' id='word_1_253' title='bbox 1298 3624 1366 3675; x_wconf 87' lang='lat' dir='ltr'>ent·</span> 
     </span>
     <span class='ocr_line' id='line_1_32' title="bbox 192 3704 1366 3784; baseline -0.002 -20"><span class='ocrx_word' id='word_1_254' title='bbox 192 3709 332 3772; x_wconf 89' lang='lat' dir='ltr'>nehmen‚</span> <span class='ocrx_word' id='word_1_255' title='bbox 357 3707 426 3763; x_wconf 82' lang='lat' dir='ltr'>dass</span> <span class='ocrx_word' id='word_1_256' title='bbox 450 3706 505 3764; x_wconf 89' lang='lat' dir='ltr'>der</span> <span class='ocrx_word' id='word_1_257' title='bbox 526 3705 625 3765; x_wconf 89' lang='lat' dir='ltr'>lnhalt</span> <span class='ocrx_word' id='word_1_258' title='bbox 648 3707 715 3765; x_wconf 86' lang='lat' dir='ltr'>eine</span> <span class='ocrx_word' id='word_1_259' title='bbox 733 3709 951 3784; x_wconf 80' lang='lat' dir='ltr'>Aufforderuug</span> <span class='ocrx_word' id='word_1_260' title='bbox 971 3727 1037 3766; x_wconf 89' lang='lat' dir='ltr'>zum</span> <span class='ocrx_word' id='word_1_261' title='bbox 1053 3707 1186 3766; x_wconf 84' lang='lat' dir='ltr'>Trinken</span> <span class='ocrx_word' id='word_1_262' title='bbox 1210 3705 1254 3768; x_wconf 88' lang='lat' dir='ltr'>ist</span> <span class='ocrx_word' id='word_1_263' title='bbox 1301 3704 1366 3764; x_wconf 89' lang='lat' dir='ltr'>Der</span> 
     </span>
     <span class='ocr_line' id='line_1_33' title="bbox 193 3794 1365 3856; baseline -0.002 -2"><span class='ocrx_word' id='word_1_264' title='bbox 193 3795 319 3854; x_wconf 86' lang='lat' dir='ltr'>Dichter</span> <span class='ocrx_word' id='word_1_265' title='bbox 347 3796 407 3852; x_wconf 90' lang='lat' dir='ltr'>und</span> <span class='ocrx_word' id='word_1_266' title='bbox 436 3794 486 3852; x_wconf 89' lang='lat' dir='ltr'>ein</span> <span class='ocrx_word' id='word_1_267' title='bbox 514 3795 659 3854; x_wconf 77' lang='lat' dir='ltr'>Gefahrte</span> <span class='ocrx_word' id='word_1_268' title='bbox 688 3798 789 3855; x_wconf 91' lang='lat' dir='ltr'>haben</span> <span class='ocrx_word' id='word_1_269' title='bbox 817 3798 862 3855; x_wconf 89' lang='lat' dir='ltr'>ihr</span> <span class='ocrx_word' id='word_1_270' title='bbox 884 3798 962 3856; x_wconf 90' lang='lat' dir='ltr'>Boot</span> <span class='ocrx_word' id='word_1_271' title='bbox 990 3796 1045 3855; x_wconf 85' lang='lat' dir='ltr'>auf</span> <span class='ocrx_word' id='word_1_272' title='bbox 1068 3798 1139 3855; x_wconf 88' lang='lat' dir='ltr'>dem</span> <span class='ocrx_word' id='word_1_273' title='bbox 1162 3796 1284 3854; x_wconf 83' lang='lat' dir='ltr'>Wasser</span> <span class='ocrx_word' id='word_1_274' title='bbox 1311 3814 1365 3852; x_wconf 91' lang='lat' dir='ltr'>an-</span> 
     </span>
     <span class='ocr_line' id='line_1_34' title="bbox 191 3885 1365 3961; baseline 0.001 -18"><span class='ocrx_word' id='word_1_275' title='bbox 191 3887 332 3961; x_wconf 86' lang='lat' dir='ltr'>gchalten</span> <span class='ocrx_word' id='word_1_276' title='bbox 361 3885 421 3942; x_wconf 91' lang='lat' dir='ltr'>und</span> <span class='ocrx_word' id='word_1_277' title='bbox 445 3886 551 3943; x_wconf 83' lang='lat' dir='ltr'>wolleu</span> <span class='ocrx_word' id='word_1_278' title='bbox 575 3905 635 3943; x_wconf 92' lang='lat' dir='ltr'>nun</span> <span class='ocrx_word' id='word_1_279' title='bbox 660 3887 709 3943; x_wconf 88' lang='lat' dir='ltr'>die</span> <span class='ocrx_word' id='word_1_280' title='bbox 732 3887 835 3944; x_wconf 88' lang='lat' dir='ltr'>Ruder</span> <span class='ocrx_word' id='word_1_281' title='bbox 858 3888 1025 3955; x_wconf 85' lang='lat' dir='ltr'>einziehen‚</span> <span class='ocrx_word' id='word_1_282' title='bbox 1054 3906 1104 3945; x_wconf 90' lang='lat' dir='ltr'>um</span> <span class='ocrx_word' id='word_1_283' title='bbox 1128 3887 1192 3944; x_wconf 84' lang='lat' dir='ltr'>sich</span> <span class='ocrx_word' id='word_1_284' title='bbox 1216 3893 1276 3943; x_wconf 86' lang='lat' dir='ltr'>erst</span> <span class='ocrx_word' id='word_1_285' title='bbox 1299 3885 1365 3958; x_wconf 75' lang='lat' dir='ltr'>ein-</span> 
     </span>
     <span class='ocr_line' id='line_1_35' title="bbox 193 3974 1366 4052; baseline 0.001 -20"><span class='ocrx_word' id='word_1_286' title='bbox 193 3977 253 4032; x_wconf 88' lang='lat' dir='ltr'>mal</span> <span class='ocrx_word' id='word_1_287' title='bbox 277 3974 371 4031; x_wconf 89' lang='lat' dir='ltr'>durch</span> <span class='ocrx_word' id='word_1_288' title='bbox 395 3975 485 4032; x_wconf 90' lang='lat' dir='ltr'>einen</span> <span class='ocrx_word' id='word_1_289' title='bbox 500 3974 603 4032; x_wconf 87' lang='lat' dir='ltr'>Trunk</span> <span class='ocrx_word' id='word_1_290' title='bbox 626 3994 661 4032; x_wconf 92' lang='lat' dir='ltr'>zu</span> <span class='ocrx_word' id='word_1_291' title='bbox 686 3981 879 4044; x_wconf 61' lang='lat' dir='ltr'>erwarmem,</span> <span class='ocrx_word' id='word_1_292' title='bbox 903 3977 954 4052; x_wconf 90' lang='lat' dir='ltr'>qui</span> <span class='ocrx_word' id='word_1_293' title='bbox 978 3977 1006 4034; x_wconf 91' lang='lat' dir='ltr'>in</span> <span class='ocrx_word' id='word_1_294' title='bbox 1028 3976 1198 4034; x_wconf 89' lang='lat' dir='ltr'>naviculam</span> <span class='ocrx_word' id='word_1_295' title='bbox 1214 3974 1366 4050; x_wconf 87' lang='lat' dir='ltr'>quadrent</span> 
     </span>
     <span class='ocr_line' id='line_1_36' title="bbox 191 4058 1365 4148; baseline -0.002 -25"><span class='ocrx_word' id='word_1_296' title='bbox 191 4062 330 4147; x_wconf 78' lang='grc' dir='ltr'><em>κέραμον</em></span> <span class='ocrx_word' id='word_1_297' title='bbox 345 4062 446 4142; x_wconf 76' lang='grc' dir='ltr'><em>μέγαν</em></span> <span class='ocrx_word' id='word_1_298' title='bbox 463 4064 494 4140; x_wconf 78' lang='lat' dir='ltr'>[i.</span> <span class='ocrx_word' id='word_1_299' title='bbox 511 4083 538 4121; x_wconf 89' lang='lat' dir='ltr'>e.</span> <span class='ocrx_word' id='word_1_300' title='bbox 555 4058 684 4148; x_wconf 86' lang='lat' dir='ltr'>cratera]</span> <span class='ocrx_word' id='word_1_301' title='bbox 706 4067 745 4143; x_wconf 85' lang='lat' dir='ltr'>(v.</span> <span class='ocrx_word' id='word_1_302' title='bbox 761 4066 792 4142; x_wconf 84' lang='lat'>9)</span> <span class='ocrx_word' id='word_1_303' title='bbox 808 4063 941 4144; x_wconf 80' lang='grc' dir='ltr'><em>μεθύων</em></span> <span class='ocrx_word' id='word_1_304' title='bbox 958 4063 1061 4144; x_wconf 83' lang='grc' dir='ltr'><em>ἀείσης</em></span> <span class='ocrx_word' id='word_1_305' title='bbox 1078 4065 1130 4141; x_wconf 82' lang='lat' dir='ltr'>[an</span> <span class='ocrx_word' id='word_1_306' title='bbox 1146 4065 1177 4122; x_wconf 90' lang='lat' dir='ltr'>in</span> <span class='ocrx_word' id='word_1_307' title='bbox 1193 4065 1260 4121; x_wconf 89' lang='lat' dir='ltr'>navi</span> <span class='ocrx_word' id='word_1_308' title='bbox 1277 4063 1365 4121; x_wconf 90' lang='lat' dir='ltr'>labo-</span> 
     </span>
     <span class='ocr_line' id='line_1_37' title="bbox 191 4149 1364 4237; baseline -0.001 -26"><span class='ocrx_word' id='word_1_309' title='bbox 191 4149 310 4228; x_wconf 71' lang='lat' dir='ltr'>rantei]</span> <span class='ocrx_word' id='word_1_310' title='bbox 337 4150 378 4236; x_wconf 83' lang='lat' dir='ltr'>(v.</span> <span class='ocrx_word' id='word_1_311' title='bbox 408 4153 461 4230; x_wconf 89' lang='grc'>12)</span> <span class='ocrx_word' id='word_1_312' title='bbox 489 4151 595 4213; x_wconf 73' lang='lat' dir='ltr'>darete</span> <span class='ocrx_word' id='word_1_313' title='bbox 621 4157 684 4237; x_wconf 75' lang='grc' dir='ltr'>πῦρ</span> <span class='ocrx_word' id='word_1_314' title='bbox 710 4153 792 4234; x_wconf 81' lang='grc' dir='ltr'><em>μέγα</em></span> <span class='ocrx_word' id='word_1_315' title='bbox 820 4151 861 4237; x_wconf 84' lang='lat' dir='ltr'>(v.</span> <span class='ocrx_word' id='word_1_316' title='bbox 887 4151 952 4234; x_wconf 88' lang='grc'>26),</span> <span class='ocrx_word' id='word_1_317' title='bbox 980 4173 1040 4212; x_wconf 92' lang='lat' dir='ltr'>non</span> <span class='ocrx_word' id='word_1_318' title='bbox 1068 4154 1220 4230; x_wconf 87' lang='lat' dir='ltr'>intellego.</span> <span class='ocrx_word' id='word_1_319' title='bbox 1272 4151 1364 4220; x_wconf 86' lang='lat' dir='ltr'>Quae</span> 
     </span>
     <span class='ocr_line' id='line_1_38' title="bbox 193 4242 1365 4322; baseline 0 -22"><span class='ocrx_word' id='word_1_320' title='bbox 193 4243 295 4301; x_wconf 86' lang='lat' dir='ltr'>omnia</span> <span class='ocrx_word' id='word_1_321' title='bbox 323 4245 417 4301; x_wconf 90' lang='lat' dir='ltr'>multo</span> <span class='ocrx_word' id='word_1_322' title='bbox 449 4244 556 4301; x_wconf 79' lang='lat' dir='ltr'>melina</span> <span class='ocrx_word' id='word_1_323' title='bbox 581 4245 620 4301; x_wconf 87' lang='lat' dir='ltr'>ad</span> <span class='ocrx_word' id='word_1_324' title='bbox 643 4242 820 4322; x_wconf 81' lang='grc' dir='ltr'><em>συμπόσιον</em></span> <span class='ocrx_word' id='word_1_325' title='bbox 844 4244 1034 4312; x_wconf 84' lang='lat' dir='ltr'>conveniunt,</span> <span class='ocrx_word' id='word_1_326' title='bbox 1058 4245 1139 4320; x_wconf 90' lang='lat' dir='ltr'>quod</span> <span class='ocrx_word' id='word_1_327' title='bbox 1165 4244 1293 4301; x_wconf 78' lang='lat' dir='ltr'>Alcaeus</span> <span class='ocrx_word' id='word_1_328' title='bbox 1317 4251 1365 4300; x_wconf 88' lang='lat' dir='ltr'>to-</span> 
     </span>
     <span class='ocr_line' id='line_1_39' title="bbox 191 4329 1365 4413; baseline -0.001 -21"><span class='ocrx_word' id='word_1_329' title='bbox 191 4335 269 4400; x_wconf 72' lang='lat' dir='ltr'>tiens</span> <span class='ocrx_word' id='word_1_330' title='bbox 293 4331 464 4407; x_wconf 72' lang='lat' dir='ltr'>descripsit:</span> <span class='ocrx_word' id='word_1_331' title='bbox 489 4333 538 4389; x_wconf 87' lang='lat' dir='ltr'>cui</span> <span class='ocrx_word' id='word_1_332' title='bbox 561 4333 800 4408; x_wconf 67' lang='lat' dir='ltr'>interpretationi</span> <span class='ocrx_word' id='word_1_333' title='bbox 824 4335 916 4391; x_wconf 85' lang='lat' dir='ltr'>etiam</span> <span class='ocrx_word' id='word_1_334' title='bbox 934 4331 1045 4413; x_wconf 78' lang='grc' dir='ltr'><em>δόμοις</em></span> <span class='ocrx_word' id='word_1_335' title='bbox 1060 4329 1100 4411; x_wconf 80' lang='lat' dir='ltr'>(v.</span> <span class='ocrx_word' id='word_1_336' title='bbox 1118 4333 1149 4405; x_wconf 87' lang='grc'>2)</span> <span class='ocrx_word' id='word_1_337' title='bbox 1170 4331 1265 4397; x_wconf 75' lang='lat' dir='ltr'>favet:</span> <span class='ocrx_word' id='word_1_338' title='bbox 1292 4349 1365 4391; x_wconf 86' lang='lat' dir='ltr'>eam</span> 
     </span>
    </p>
   </div>
   <div class='ocr_carea' id='block_1_5' title="bbox 0 0 1572 4914">
    <p class='ocr_par' dir='ltr' id='par_1_6' title="bbox 0 0 1572 4914">
     <span class='ocr_line' id='line_1_40' title="bbox 0 0 1572 4914; baseline 0 3"><span class='ocrx_word' id='word_1_339' title='bbox 0 0 1572 4914; x_wconf 95' lang='lat' dir='ltr'> </span> 
     </span>
    </p>
   </div>
  </div>
 </body>
</html>
