3136 4914
658 348 874 416 ,13-

123 646 141 669 .
181 563 379 632 imitatione
405 568 620 650 Aeschylum
642 565 852 652 pependisse
874 579 970 652 pum,
1000 588 1079 631 cum
1103 543 1224 633 fictam
1251 565 1358 648 illam,

180 695 273 759 quae
289 694 471 758 nunquam
488 671 563 754 fuit,
580 671 629 738 rei
646 672 807 758 publicae
823 672 1016 759 imaginem
1032 671 1202 760 pingeret.
1239 674 1357 757 Quare

183 777 478 865 quod'historicis
502 802 641 866 quoque
665 779 884 866 argumentis
908 778 1092 866 Supplices
1116 791 1199 846 ante
1224 799 1360 845 annum

184 889 248 950 480
272 885 355 972 poni
381 885 529 953 Kdrtius
553 887 694 973 gaudet,
718 888 847 954 frustra
871 888 1012 973 gaudet.

288 996 384 1060 Inter
408 1003 618 1079 argumenta
634 991 802 1060 historica
823 992 1014 1081 Maassii21)
1039 1015 1178 1081 quoque
1197 995 1359 1060 observa·

182 1098 315 1165 tionem
338 1101 492 1183 afferam,
517 1099 576 1186 qui
601 1104 724 1166 Ionem
748 1112 784 1166 et
799 1102 937 1186 Argum
955 1085 1137 1167 custodem
1152 1100 1189 1167 in
1208 1099 1356 1166 Hesiodi

182 1205 362 1293 Catalogis
388 1205 554 1292 Mycenis,
578 1206 685 1294 Argis
708 1208 803 1294 apud
818 1208 1035 1292 Aeschylum
1059 1206 1189 1274 versari
1206 1205 1357 1289 monuit;

182 1314 276 1399 quod
299 1315 433 1380 iactum
457 1337 533 1379 esse
556 1316 697 1402 propter
717 1336 833 1380 rerum
850 1312 1119 1397 vicissitudines
1144 1336 1224 1380 cum
1239 1314 1362 1400 paullo

181 1430 263 1508 post
296 1443 456 1507 pugnam
491 1421 734 1488 Plataeensem
763 1424 973 1506 Mycenaeos
1008 1431 1043 1487 et
1077 1419 1286 1506 Tirynthios
1320 1419 1357 1485 in

183 1525 358 1593 dicionem
380 1526 595 1614 Argivorum
624 1529 783 1595 redactos
815 1527 890 1615 ipse
916 1539 1019 1615 poeta
1043 1525 1189 1594 vidissit.
1238 1522 1360 1614 Pergit

183 1633 310 1701 deinde
335 1634 508 1701 Maassius
532 1647 573 1703 ut
596 1635 707 1722 ipsius
723 1635 839 1703 verbis
855 1649 947 1703 utar:
966 1635 1106 1720 „Simul
1130 1634 1254 1722 inquit,
1279 1655 1359 1699 cum

183 1744 259 1807 loco
282 1743 423 1809 fabulae
438 1754 576 1810 mutato
593 1742 683 1811 alius
700 1746 761 1809 lus
777 1755 877 1832 pater
899 1743 936 1808 in
954 1742 1172 1830 tragoediam
1193 1741 1361 1808 inductus

184 1848 332 1932 videtur,
357 1871 462 1935 quem
485 1851 658 1916 Inachum
674 1850 870 1934 Aeschylus
888 1849 1047 1916 Pirenem
1065 1848 1244 1916 Hesiodus
1260 1872 1361 1915 voca-

185 1965 290 2020 verat.
339 1955 395 2024 Ex
412 1959 683 2040 Mycenaeorum
706 1955 875 2022 memoria
892 1955 1051 2022 Pirenem
1068 1954 1292 2040 „Hesiodus“‚
1317 1978 1361 2021 ex

185 2059 398 2148 Argivorum
417 2063 590 2128 Inachum
615 2066 675 2128 Ius
695 2075 832 2150 patrem
847 2063 1044 2147 Aeschylus
1065 2073 1186 2149 aperto
1214 2059 1360 2128 consilio

185 2167 388 2254 desumpsit.
437 2170 535 2235 Idem
570 2172 718 2236 fortasse
745 2171 789 2236 de
813 2170 1015 2236 Danaidum
1044 2169 1183 2256 hospite
1212 2171 1363 2255 Pelasgo

185 2298 277 2361 rege,
307 2276 577 2343 Palaechthonis
601 2300 645 2343 ex
672 2275 781 2344 Terra
805 2276 879 2344 nati
903 2277 986 2362 filio,
1015 2300 1119 2364 quem
1148 2278 1360 2344 Gelanorem

185 2382 347 2448 nominat
371 2383 559 2468 Hesiodus
576 2386 804 2451 statuendum
821 2390 900 2451 est.“
947 2388 1072 2471 Itaque
1087 2383 1116 2451 si
1133 2406 1256 2451 verum
1270 2393 1362 2449 esset

186 2481 400 2574 Aeschylum
440 2491 654 2576 Argivorum
693 2490 898 2558 memoriam
937 2490 1036 2578 sequi
1044 2491 1083 2578 ²²)
1128 2490 1220 2574 ideo,
1267 2491 1361 2576 quod

186 2595 311 2683 Argivi
348 2600 558 2681 Mycenaeos
596 2597 694 2664 brevi
730 2609 813 2664 ante
852 2599 1023 2680 vicerant,
1058 2596 1242 2683 Supplices
1281 2609 1363 2683 post

187 2726 321 2769 annum
337 2707 401 2769 464
417 2706 583 2790 ponenda
598 2717 698 2772 esset.
746 2709 839 2770 Nam
854 2717 936 2790 post
951 2703 1050 2769 illum
1067 2706 1210 2769 demum
1227 2725 1362 2769 annum

187 2831 258 2874 non
283 2809 404 2876 statim
432 2822 513 2895 post
539 2832 699 2897 pugnam
728 2812 968 2877 Plataeensern
999 2813 1178 2894 IllycenaS,
1214 2831 1361 2894 quarum

187 2915 322 2981 incolae
339 2918 382 2982 ab
395 2915 539 3003 Argivis
554 2927 635 3002 post
651 2940 785 2983 annum
797 2922 897 2986 49312
914 2918 1122 3000 deiecerant,
1138 2926 1368 3003 expugnatas.

188 3018 223 3089 et
247 3024 379 3089 deletas
404 3046 480 3089 esse
504 3024 699 3111 constat23).
746 3025 816 3093 Sed
845 3026 932 3091 haec
960 3035 1171 3111 argumenta
1195 3022 1361 3089 historica

188 3132 308 3214 procul
329 3131 493 3197 habenda
509 3142 602 3215 sunt,
625 3133 719 3217 quod
735 3133 952 3217 Aeschylum
975 3154 1047 3197 non
1065 3132 1202 3198 obeam
1219 3152 1361 3196 causam

188 3236 402 3322 Argivorum
433 3237 638 3304 memoriam
670 3237 736 3305 sibi
768 3238 959 3325 sumpsisse
987 3249 1163 3324 putamus
1211 3241 1304 3302 Nam
1332 3236 1362 3302 si

190 3341 368 3411 Danaides
401 3367 439 3410 se
472 3343 579 3430 Argis
614 3345 780 3412 oriundas
816 3368 892 3411 esse
915 3357 1015 3411 erant
1050 3347 1363 3426 demonstratiuae,

189 3563 305 3642 λέγεται
343 3562 402 3643 μὲν
437 3562 475 3644 δὴ
511 3563 566 3625 καὶ
599 3563 677 3626 ἄλλα
712 3564 771 3626 οὐκ
807 3563 912 3645 ἀληθῆ
945 3562 1033 3643 παρὰ
1061 3569 1123 3632 τοῖς
1157 3562 1282 3630 πολλοῖς
1312 3560 1363 3624 οἷα

190 3652 328 3732 ἱστορίας
362 3651 512 3733 ἀνηκόοις
546 3649 616 3715 οὖσι
643 3651 697 3714 καὶ
725 3651 832 3717 ὁπόσα
854 3652 975 3733 ἤκουον
1003 3651 1099 3720 εὐθὺς
1123 3652 1158 3713 ἐκ
1181 3650 1306 3713 παίδων
1329 3651 1364 3711 ἔν

189 3764 221 3802 τε
243 3747 351 3822 χοροῖς
373 3741 427 3803 καὶ
449 3740 637 3824 τραγῳδίαις
659 3740 749 3803 πιστὰ
773 3742 967 3821 ἡγουμένοις,
991 3741 1107 3820 λέγεται
1131 3740 1165 3801 δὲ
1188 3738 1241 3801 καὶ
1264 3739 1296 3806 ἒς
1310 3739 1368 3801 τὸν

194 3828 309 3909 Θησέα.

210 3997 212 4002 ,
299 3933 341 4018 22)
365 3939 536 3997 Commeat.
553 3941 591 3996 de
606 3941 744 4013 Aeschyli
756 3938 958 4015 supplicibus
981 3940 1045 3996 lud.
1061 3940 1130 4000 lect,
1149 3937 1369 4013 Gryphiswalda

195 4027 288 4092 1891.
312 4027 473 4102 p.xX1x.

300 4133 338 4209 ²²)
363 4135 404 4192 Ut
419 4135 579 4194 Pindarum
595 4137 703 4194 fecisse
717 4137 745 4193 in
763 4135 849 4192 Nem.
862 4135 898 4191 X.
911 4135 1044 4192 carmine
1060 4133 1208 4199 Dissenus
1224 4133 1371 4194 coniecit,

301 4241 340 4318 ²³)
364 4241 397 4299 E.
425 4243 537 4319 Meyer,
570 4242 681 4300 Gesch.
710 4243 738 4298 d.
766 4243 869 4298 Altert.
898 4240 939 4297 III
968 4240 1042 4301 325.
1097 4241 1213 4309 Busolt‚
1241 4240 1370 4298 Griech„

191 4331 303 4390 Gesch.
328 4331 370 4387 III
394 4331 468 4393 243.
