3136 4914
673 373 895 442 -ῙῙ-

192 589 233 656 in
257 589 463 656 universum
486 603 595 676 optat.
619 604 659 657 ut
682 590 718 656 in
735 604 919 657 aeternum
935 589 1146 677 respublica
1162 589 1377 676 Argivorum

193 709 341 763 maneat
362 720 453 763 neve
475 719 633 783 unquam
657 698 789 764 crudeli
809 697 903 764 bello
918 709 1108 776 evertatur,
1130 694 1260 764 deinde
1275 709 1379 783 grato

195 803 317 869 animo
340 804 427 871 satis
449 806 577 889 ample,
600 804 705 870 sicuti
729 807 838 886 decet,
862 803 898 869 in
922 802 1096 870 beneficio
1118 802 1249 870 eximio
1264 824 1379 870 versa·

194 922 263 991 tur,
289 933 360 996 quo
382 910 508 997 Argiri
533 910 629 977 loris
663 934 796 978 numen
832 910 935 978 veriti
968 934 1007 977 se
1033 910 1225 978 affecerint
1272 912 1377 995 Quod

195 1030 339 1103 propter
365 1016 579 1084 beneficium
602 1018 756 1103 Argivos
784 1021 931 1084 deorum
960 1020 1082 1085 farore
1110 1040 1236 1084 usuros
1262 1030 1300 1084 et
1326 1040 1379 1084 sa·

196 1123 329 1190 crificia
352 1147 474 1190 eorum
497 1123 552 1189 dis
575 1137 718 1211 accepta
741 1127 861 1191 futura
877 1147 954 1191 esse
969 1136 1157 1214 postquam
1174 1123 1385 1206 aitinnatn't}

196 1231 242 1296 in
278 1234 459 1297 secunda
494 1244 613 1317 parte
649 1235 718 1318 (str.
748 1246 785 1298 et
813 1231 950 1316 antss',
973 1244 1032 1299 str.
1056 1245 1092 1298 et
1115 1244 1187 1299 ant.
1204 1226 1251 1320 7⁹)
1285 1233 1379 1298 bona

196 1339 314 1404 danda
338 1338 494 1424 exponit.
540 1341 658 1425 Atque
681 1339 716 1404 in
735 1353 795 1404 str.
811 1338 857 1423 β’,
881 1353 922 1406 ut
937 1339 1089 1425 primum
1105 1339 1150 1404 de
1165 1336 1378 1405 lectionibus

197 1457 345 1524 constet
368 1470 401 1512 ν.
416 1449 476 1510 661
504 1445 622 1526 στάσις
644 1447 881 1534 supplendum
905 1459 959 1512 est
982 1469 1026 1512 ex
1043 1447 1145 1514 Eum.
1162 1450 1235 1511 977.
1258 1443 1377 1534 μήνιοθ

196 1553 234 1619 ἐν
259 1552 349 1618 πόλει
377 1551 487 1618 σιιέσιν
514 1557 584 1642 τᾷδ’
608 1557 789 1637 ἐπεύχομαι
812 1554 950 1638 βρέμειν,
979 1574 1062 1618 nam
1087 1553 1189 1621 Eum.
1207 1556 1272 1618 980
1294 1554 1378 1643 μηδὲ

196 1666 316 1726 neaera
348 1659 438 1731 κόνις
463 1662 567 1743 μέλιτι·
595 1653 678 1744 αἷμα
707 1662 847 1726 πολιτᾶν
873 1672 994 1747 aperte
1022 1659 1162 1745 respicit
1186 1659 1231 1725 ad
1255 1660 1376 1745 Suppl.

197 1791 229 1832 v.
247 1771 310 1833 662
328 1766 508 1850 πτώμασιν·
523 1766 690 1851 nigror-torn
711 1769 813 1832 πέδον
830 1774 902 1856 μᾶς
927 1769 1023 1833 iavet
1043 1790 1183 1853 quoque
1199 1766 1282 1832 huic
1299 1789 1379 1832 con-

198 1872 352 1940 iecturae
368 1897 437 1939 vox
448 1877 651 1959 ἐπιχωρίοις.
678 1874 889 1943 Reiectanea
906 1886 1024 1940 autern
1041 1887 1095 1939 est
1103 1898 1133 1940 r.
1146 1878 1210 1939 659
1218 1872 1377 1942 Schtitzii

198 1993 234 2046 et
246 1980 453 2048 Weckleinii
470 1981 671 2048 coniectura
687 1982 747 2068 qui
759 1981 857 2067 λιμός
872 2004 935 2067 pro
950 1978 1062 2065 λοιμό,1
1077 1983 1222 2046 malunt
1250 1979 1376 2049 Eidem

198 2111 230 2152 v.
248 2092 311 2152 680
335 2087 448 2176 λοιμός
480 2089 516 2153 in
544 2088 657 2173 λοιμός
688 2102 826 2155 mutare
854 2102 1038 2174 coguntur.
1086 2090 1205 2171 Quare
1227 2099 1377 2173 utraque

197 2195 398 2260 coniectura
410 2197 498 2261 falsa
510 2207 571 2262 est
597 2197 724 2263 Confer
739 2196 847 2262 etiam
865 2199 1047 2260 Persarum
1061 2219 1091 2260 r.
1106 2199 1170 2260 715
1182 2193 1241 2262 τίνι
1255 2196 1375 2283 τρόπιμς

197 2303 309 2385 λοιμοι”’
332 2329 376 2373 τις
399 2294 482 2391 ἦλθε
506 2306 649 2387 σκηπτὸς
671 2298 692 2392 ἢ
716 2301 832 2375 στάσις
854 2306 952 2376 πόλει,
976 2302 1036 2368 ubi
1061 2300 1189 2368 iterum
1208 2300 1319 2388 pestis
1342 2313 1377 2368 et

199 2407 371 2474 discordia
404 2409 517 2474 civilis
542 2410 752 2476 coniunctae
780 2423 873 2478 sunt.
922 2410 1067 2476 Accedit
1100 2408 1251 2495 denique
1283 2410 1377 2496 quod

198 2515 370 2601 scriptura
392 2517 520 2582 tradita
536 2512 668 2600 λοιμὸς
751 2517 916 2584 κενώσαι
942 2517 1108 2582 usitatam
1132 2515 1304 2583 rationem
1329 2516 1378 2582 di-

199 2623 300 2687 cendi
322 2623 480 2689 exhibet:
505 2625 544 2689 cf.
562 2625 668 2708 Soph.
687 2623 764 2690 Oid.
782 2622 816 2687 α’
835 2629 891 2689 28;
909 2617 1043 2707 λοιμὸς
1066 2628 1215 2706 ιῆιένιστο,ἱ
1322 2613 1377 2706 ὑφ’

199 2729 237 2794 οἷ
260 2740 435 2796 κινοῦσαι
451 2734 547 2814 δῶμα
564 2733 730 2814 Καὸμεῖον
753 2743 788 2796 et
804 2729 914 2795 Thuc.
933 2735 960 2794 2.
978 2735 1028 2795 51.
1045 2733 1137 2796 οἰκίαι
1154 2731 1276 2795 πολλοὶ
1291 2730 1376 2796 ὲκε-

199 2841 381 2920 νώθησαν
404 2838 476 2905 scil.
504 2833 567 2903 ὑπὸ
590 2846 645 2902 τοῦ
661 2840 783 2921 λοιμοιῖ
831 2839 945 2902 Multo
961 2835 1115 2902 deterius
1132 2860 1161 2902 r.
1180 2840 1244 2901 680
1269 2848 1374 2903 esset:

197 2941 315 3028 λοιμὸς
338 2943 435 3011 τάνδε
455 2943 548 3010 πόλιν
569 2947 700 3019 ὄοΐζιιιν.
746 2946 794 3008 At
810 2942 919 3027 λοιγός
936 2945 1058 3018 ὁαΐζιιιν
1074 2945 1118 3009 dc
1133 2944 1225 3009 bello
1242 2941 1375 3010 dietum

197 3050 331 3136 optime
347 3076 385 3118 se
397 3053 512 3117 habet.
541 3055 666 3137 Neque
679 3049 874 3117 necessaria
886 3064 940 3117 est
954 3050 1167 3132 coniectura3
1185 3072 1268 3116 nani
1281 3052 1374 3136 quod

197 3183 230 3223 v.
239 3163 311 3240 681,
325 3170 365 3225 ut
377 3157 497 3225 statim
510 3157 568 3223 hic
581 3160 625 3224 de
638 3159 704 3223 hoc
719 3160 794 3224 loco
808 3147 1021 3248 dica1n‚'‘App
1034 3156 1257 3243 pestilentiae
1269 3158 1375 3223 deum

198 3287 276 3330 esse
300 3267 434 3347 volunt,
458 3289 529 3332 non
552 3277 645 3332 recte
668 3265 835 3331 iudicant.
866 3266 1075 3331 Plutarchus
1086 3264 1137 3352 ¹⁴²)
1161 3263 1255 3331 enim
1280 3264 1376 3331 hune

199 3374 317 3437 locum
333 3371 526 3457 exscripsit,
543 3385 583 3438 ut
597 3377 746 3438 Martem
759 3373 794 3437 in
808 3373 900 3437 bello
914 3373 1028 3437 furere
1038 3373 1301 3438 demonstraret.
1332 3374 1372 3437 In

197 3478 312 3564 prima
341 3492 459 3545 autent
484 3494 541 3546 str.
566 3479 599 3568 γ’
617 3490 716 3566 parte
740 3481 784 3545 ob
809 3501 887 3544 eam
912 3500 1052 3545 causam
1079 3476 1187 3564 pestis
1204 3500 1280 3545 esse
1304 3501 1373 3544 non

198 3598 324 3672 potest,
349 3589 442 3673 quod
467 3597 542 3653 tuni
566 3610 673 3673 prave
698 3585 732 3650 in
758 3587 867 3652 altera
890 3597 989 3671 parte
1012 3589 1139 3652 νούσων
1159 3583 1260 3670 {apog
1276 3584 1376 3652 indu·

200 3705 344 3776 ceretur,
369 3693 467 3779 quasi
492 3693 601 3781 pestis
617 3703 735 3772 νοῦσος
751 3716 821 3758 non
840 3705 939 3760 esset.
987 3695 1111 3779 Itaque
1128 3716 1158 3758 v.
1173 3696 1236 3758 659
1253 3690 1375 3778 λοιμός,

199 3803 303 3864 ν.680
326 3798 436 3890 λοιμός
451 3801 676 3866 retinendum
693 3813 753 3866 est.
801 3801 870 3867 Sed
888 3822 1009 3865 eamus
1022 3800 1066 3866 ad
1083 3809 1140 3866 str.
1157 3801 1199 3883 β’.
1248 3801 1374 3866 Denuo

200 3904 311 3992 igitur
328 3909 371 3972 ad
389 3909 605 3974 laudandum
627 3920 663 3974 et
679 3906 893 3994 precandum
911 3907 1036 3972 chorus
1053 3929 1090 3971 se
1103 3905 1297 3992 adtingens
1310 3904 1375 3995 pri-

198 4035 299 4078 mum
320 4038 382 4102 pro
400 4015 512 4080 salute
529 4013 712 4079 virorum
730 4016 870 4100 (ἀνδρῶν
886 4038 917 4080 v.
931 4013 1009 4099 659)
1027 4021 1140 4099 rogat:
1158 4011 1250 4079 absit
1266 4012 1374 4099 pestis

118 4178 121 4185 ,
199 4132 237 4186 et
265 4121 437 4186 discordia
467 4120 586 4186 civilis
635 4120 877 4187 Iuventutis
906 4118 1033 4185 deinde
1061 4121 1126 4185 flos
1156 4120 1248 4205 (ἥβας
1275 4122 1375 4191 ὄνθος

312 4340 364 4416 ¹⁴2)
388 4342 422 4397 In
446 4348 536 4398 amat.
556 4340 605 4400 16.
627 4361 656 4416 p.
673 4339 737 4400 759
762 4340 796 4399 Ε.
