3136 4914
669 337 890 404 -40-

197 563 305 636 erant,
329 563 370 618 ut
385 575 429 618 ex
446 551 619 619 Herodoti
634 551 752 619 verbis
776 564 930 640 apparet,
954 551 1013 639 qui
1037 552 1088 619 eis
1104 555 1149 619 ad
1171 575 1378 640 comparan-

197 660 282 725 dum
305 659 425 727 utitur.
473 660 577 743 Quod
601 670 642 726 ut
662 661 775 726 facere
790 671 917 746 posset,
941 682 1084 726 necesse
1108 671 1183 727 erat
1206 672 1248 727 ut
1269 659 1373 746 virgo

197 764 380 852 cornigera
403 764 537 832 diutius
560 778 646 834 nota
669 777 770 850 esset,
807 766 843 832 id
867 768 960 853 quod
985 778 1107 832 contra
1131 766 1373 853 Engelmanni

196 871 410 939 sententiam
433 872 526 956 facit,
559 895 649 959 quae
683 871 712 939 si
740 895 825 940 vera
859 883 960 956 esset,
995 874 1088 959 quod
1125 874 1374 940 Prometheum

196 980 316 1067 paullo
340 990 422 1046 ante
446 1002 580 1046 annum
604 984 668 1046 460
692 981 833 1046 doctam
856 1002 932 1046 esse
953 1003 1037 1046 mox
1047 979 1256 1063 videbimus,
1281 980 1373 1046 intra

195 1108 328 1172 paucos
368 1107 481 1152 annos
519 1089 668 1152 formam
702 1085 853 1173 virginis
888 1086 1091 1173 cornigerae
1124 1088 1372 1173 pervulgatam

195 1204 231 1259 et
260 1192 482 1261 notissimam
509 1196 640 1260 factam
669 1216 745 1261 esse
768 1205 952 1280 oporteret.
992 1198 1176 1260 Praeterea
1199 1193 1228 1259 si
1251 1194 1378 1260 memi-

195 1300 351 1367 nerimus
375 1302 599 1367 Herodotum
620 1322 700 1367 cum
724 1300 793 1366 alia
814 1312 890 1367 tum
906 1304 1082 1387 permulta
1097 1322 1219 1367 eorum
1234 1300 1377 1388 potissi-

194 1429 293 1473 mum
322 1429 411 1494 quae
442 1406 478 1501 in
506 1406 596 1473 libro
624 1409 779 1473 secundo
814 1409 857 1473 de
886 1407 940 1473 dis
970 1407 1229 1495 Aegyptiorum
1256 1409 1371 1490 refert,

196 1518 376 1581 Hecataeo
393 1515 576 1602 deberem),
599 1513 635 1579 in
661 1525 800 1600 tempus
824 1513 931 1580 etiam
957 1514 1134 1582 vetustius
1153 1514 1266 1580 redire
1282 1513 1374 1580 licet.

196 1622 305 1687 Haud
320 1619 431 1706 igitur
455 1620 526 1686 scio
543 1643 587 1686 an
605 1619 702 1686 illam
719 1621 1017 1708 comparationem
1038 1623 1133 1708 apud
1150 1624 1371 1687 Hecataeum

193 1727 378 1811 invenerit,
401 1749 507 1813 quem
523 1727 726 1794 Danaidum
749 1729 907 1794 fabulam
929 1740 1052 1794 notam
1073 1727 1241 1793 habuisse
1257 1728 1372 1814 deque

195 1857 236 1901 ea
259 1833 430 1901 iudicium
454 1857 473 1900 e
495 1833 633 1901 ratione
655 1834 845 1921 repetitum
866 1835 989 1902 tulisse
1005 1835 1199 1922 constat02).
1239 1834 1297 1903 Ex
1321 1833 1372 1900 eis

193 1965 277 2010 vero
312 1941 372 2029 qui
407 1940 584 2028 virginem
619 1941 839 2029 cornigeram
877 1944 921 2008 ab
955 1941 1120 2026 Aeschyli
1162 1941 1373 2007 Prometheo

192 2051 346 2138 pendere
368 2051 504 2132 volunt,
528 2071 657 2136 quaero
682 2072 744 2115 cur
771 2047 933 2132 artifices,
957 2048 986 2114 si
1011 2048 1211 2134 spectacula
1240 2047 1371 2115 theatri

193 2155 322 2224 imitati
350 2166 442 2239 sunt,
466 2178 650 2242 nunquam
679 2159 801 2222 Ionem
830 2178 910 2221 cum
936 2156 1143 2221 Prometheo
1170 2153 1377 2240 pinxerint?

193 2262 339 2334 Eisdem
362 2261 399 2327 id
422 2261 689 2329 deliberandum
711 2284 878 2348 propon0,
908 2264 1001 2349 quod
1026 2285 1069 2328 ex
1093 2260 1178 2347 ipsis
1203 2260 1370 2346 Aeschyli

192 2368 309 2435 verbis
338 2367 466 2454 quibus
494 2372 535 2433 Io
558 2367 746 2451 inducitur,
775 2379 921 2454 apparet
950 2391 1021 2434 non
1045 2366 1199 2453 primum
1228 2365 1265 2432 in
1291 2371 1373 2433 Pro-

193 2476 334 2543 metheo
351 2479 475 2541 Ionem
490 2476 596 2540 modo
612 2473 763 2560 virginis
788 2475 990 2561 cornigerae
1006 2476 1194 2541 formatam
1206 2496 1371 2560 conspec-

193 2595 267 2650 tam
283 2605 367 2649 esse.
407 2582 588 2650 Curabant
611 2581 707 2648 enim
731 2581 857 2668 tragici
875 2581 1001 2649 Graeci
1018 2603 1092 2647 rem
1108 2579 1159 2648 ita
1174 2579 1374 2664 instituere,

192 2703 233 2759 ut
261 2701 474 2777 spectatores
498 2712 635 2776 semper
663 2712 753 2776 quae
781 2712 931 2775 persona
955 2688 991 2754 in
1017 2710 1181 2755 scaenam
1204 2686 1369 2775 prodiret,

192 2797 334 2881 scirent3
359 2819 465 2884 quam
487 2797 649 2883 regulam
672 2797 709 2863 in
735 2795 804 2863 illis
827 2798 1050 2863 solummodo
1073 2795 1233 2882 personis
1249 2796 1374 2882 negle*

193 2906 334 2992 gebant,
359 2926 446 2990 quas
470 2926 592 2969 omnes
616 2916 802 2986 noverant3
832 2903 983 2990 exempli
1008 2903 1124 2989 gratia
1150 2926 1222 2969 non
1251 2925 1370 2969 neces-

192 3010 323 3078 sarium
348 3021 431 3093 erat,
459 3022 500 3076 ut
523 3009 698 3097 Apollinis
721 3032 851 3076 nomen
876 3010 1058 3093 diceretur,
1087 3033 1168 3077 cum
1197 3010 1300 3079 Eum.
1326 3014 1367 3075 64

192 3116 357 3204 prodiret,
380 3127 466 3182 nota
489 3114 657 3181 nimirum
679 3128 779 3183 veste
803 3128 838 3183 et
862 3129 1032 3203 apparatu
1056 3117 1259 3183 instructus,
1300 3120 1369 3182 Ita·

192 3247 260 3312 que
289 3246 369 3291 cum
398 3221 559 3289 similiter
592 3226 631 3288 Io
660 3222 710 3289 sic
737 3222 933 3308 inducatur,
962 3235 1003 3290 ut
1030 3247 1160 3290 nomen
1190 3222 1266 3289 eius
1295 3245 1367 3288 non

191 3331 403 3414 nominetur,
432 3329 637 3416 omnesqui
662 3341 862 3417 spectarent
886 3330 1007 3397 statim
1036 3331 1177 3398 novisse
1200 3329 1368 3419 suspicor,

192 3460 282 3525 quae
310 3460 403 3505 nova
437 3436 498 3502 illa
525 3459 676 3523 persona
704 3449 804 3504 esset.
863 3439 968 3522 Quod
1003 3437 1135 3525 optime
1170 3437 1372 3504 illustratur

192 3543 401 3630 comparatis
424 3567 456 3610 v.
482 3548 546 3608 284
570 3565 613 3609 SS.
654 3545 748 3609 Ἥκω
773 3547 898 3629 δολιχῆς
919 3548 1019 3629 τέρμα
1041 3547 1196 3611 κελεύθου
1219 3571 1248 3609 κ.
1264 3571 1287 3609 τ.
1305 3546 1330 3609 λ.

569 3690 633 3751 294
658 3689 696 3751 οὗ
720 3677 791 3774 γάρ’
814 3678 888 3752 ποτ’
911 3687 991 3775 ἐρεῖς
1014 3690 1061 3759 ὡς
1085 3687 1233 3753 Ωκεανοῦ

656 3796 746 3877 φίλος
769 3796 817 3861 ε’σὶ
838 3796 1038 3882 βεβαιότερός
1061 3819 1119 3860 σοι.

190 3919 263 3986 Hic
280 3922 444 3987 Oceanus
467 3941 596 3984 nomen
621 3941 725 3984 suum
748 3920 880 4003 profert
895 3941 967 3984 non
986 3929 1058 3985 tam
1079 3929 1119 3985 ut
1137 3919 1369 3986 Prometheus

300 4193 338 4269 ⁹¹)
362 4193 448 4251 Diels
472 4194 603 4250 Hermes
626 4194 726 4251 XXII.
754 4194 845 4255 1887.
871 4194 935 4255 410
959 4213 999 4257 ss

299 4295 339 4384 ⁹²)
364 4299 409 4360 Cf.
425 4301 519 4358 schol.
529 4301 598 4358 Eur.
615 4301 667 4358 Or.
679 4300 743 4361 872
760 4300 792 4375 (Ι.
808 4301 928 4369 184.20
941 4303 1046 4380 Schw.)
1058 4304 1089 4360 F.
1102 4304 1142 4361 H.
1155 4302 1192 4360 G.
1204 4302 1256 4360 IV.
1269 4302 1352 4364 627²
