3136 4914
687 280 901 348 -65-

198 492 417 580 perspicitur.
464 494 724 561 Gratissimum
740 506 859 563 autem
875 507 937 578 est,
953 496 1046 582 quod
1063 495 1181 563 nescio
1196 498 1374 584 quomodo

196 599 335 682 accidit,
359 601 460 667 utin
486 602 599 668 Persis
622 604 693 668 duo
716 609 761 685 (v.
778 609 851 669 450.
876 605 962 690 692),
990 603 1027 669 in
1051 603 1195 690 Septem
1218 603 1374 691 quinque

198 730 232 773 v.
247 710 299 773 55.
324 712 397 774 237.
422 713 495 775 627.
520 713 593 775 215.
618 710 672 795 20)
695 709 880 776 enuntiata
895 709 1018 776 finalia
1038 709 1149 778 insint
1162 712 1197 778 h.
1215 733 1244 780 c.
1260 712 1373 779 multo

197 812 336 881 minora
363 838 470 902 quam
498 816 534 881 in
564 816 688 882 ceteris
720 817 849 883 fabulis
870 828 1018 903 excepta
1045 819 1313 904 Agamemnone
1336 816 1373 883 in

195 944 269 1007 qua
293 933 460 1008 quattuor
476 925 638 1011 exempla
654 935 738 990 sunt
761 925 807 1009 (r.
827 928 918 990 1293.
941 929 1034 992 1647.
1053 929 1128 990 911.
1146 929 1232 1001 364).
1253 916 1375 1004 Ὅπως

197 1031 391 1112 ituantem,
419 1053 500 1095 cum
524 1032 728 1116 Aeschylus,
761 1032 855 1118 apud
878 1052 984 1118 quem
1007 1030 1160 1120 primum
1183 1029 1220 1097 in
1248 1029 1374 1098 litteris

196 1134 338 1221 legitur,
373 1159 445 1202 non
480 1136 556 1223 ipse
591 1137 726 1226 primus
753 1137 898 1205 finxerit
932 1139 993 1204 sed
1022 1136 1057 1202 in
1086 1136 1374 1224 inscriptionibus

197 1241 349 1328 publicis
372 1243 557 1327 invenerit
580 1268 650 1331 quo
674 1257 830 1331 tempore
852 1246 995 1311 volebat
1023 1243 1059 1310 in
1085 1244 1288 1331 tragoediae
1311 1243 1375 1310 lin-

198 1371 310 1434 guam
332 1349 499 1417 inducere
521 1351 712 1439 potuit¹³⁴).
760 1355 884 1438 Itaque
907 1362 1095 1439 postquam
1122 1349 1193 1417 iam
1221 1351 1257 1417 in
1286 1351 1374 1437 Sup

198 1455 348 1541 plicibus
381 1457 630 1525 coniunctione
658 1452 749 1539 ὅπως
771 1463 812 1525 ἄν
845 1482 931 1525 usus
963 1469 1024 1542 est,
1058 1458 1094 1524 in
1119 1458 1232 1524 Persis
1267 1469 1303 1524 et
1335 1456 1373 1525 in

199 1563 343 1649 Septem
371 1564 489 1631 nescio
517 1588 587 1651 qua
614 1588 720 1632 causa
746 1565 938 1654 impeditus
965 1564 1080 1632 noluit
1107 1564 1282 1648 adhibere,
1308 1567 1374 1630 for-

200 1680 293 1736 tasse
316 1672 409 1757 quod
434 1671 620 1739 enuntiata
642 1672 765 1739 finalia
788 1671 824 1738 in
848 1672 905 1738 his
928 1672 1057 1738 fabulis
1081 1694 1152 1738 non
1177 1671 1374 1758 frequentia

198 1789 291 1846 sunt.
349 1780 468 1865 Atque
502 1781 570 1845 hoc
605 1780 746 1866 quidem
782 1780 878 1847 casui
918 1779 1146 1845 tribuendum
1180 1789 1247 1847 est.
1304 1779 1374 1846 Sed

199 1907 240 1950 ea
274 1907 364 1971 quae
388 1886 427 1954 F.
453 1886 665 1953 Birkleinius
700 1888 744 1952 de
778 1909 845 1953 usu
880 1885 1049 1952 infinitin·
1079 1884 1225 1952 articulo
1254 1884 1374 1951 addito

197 1992 352 2058 nominis
386 1995 463 2059 loco
498 1993 647 2060 adhibiti
680 1993 874 2080 statuit¹³⁵)
909 1991 1123 2060 adminiculo
1161 1991 1264 2057 nobis
1298 2014 1375 2058 esse

199 2110 354 2184 possunt.
414 2101 588 2188 Exempla
622 2100 718 2167 enirn
750 2102 837 2166 haec
869 2100 1024 2167 invenit:
1057 2099 1094 2165 in
1129 2100 1252 2186 Suppl.
1282 2103 1301 2164 3
1336 2097 1374 2164 in

200 2206 314 2272 Persis
330 2212 355 2290 1,
376 2206 413 2273 in
430 2208 575 2294 Septem
591 2214 617 2291 l,
637 2208 674 2274 in
693 2210 901 2274 Prometheo
920 2213 969 2292 ll,
983 2208 1019 2274 in
1036 2209 1306 2294 Agamemnone
1323 2210 1374 2288 22,

198 2311 234 2378 in
259 2313 477 2403 Choephoris
501 2322 530 2399 4,
562 2315 600 2381 in
629 2314 887 2386 Eumenidibus
904 2320 933 2383 9.
981 2313 1166 2403 Supplices
1194 2312 1307 2400 igitur
1337 2312 1374 2378 in

196 2419 456 2506 antiquioribus
479 2421 608 2488 fabulis
632 2436 716 2490 sunt
740 2426 901 2509 exempla
923 2424 1037 2488 multo
1057 2421 1194 2487 minora
1210 2419 1376 2487 exhiben-

198 2525 292 2593 tibus
316 2550 422 2614 quam
450 2529 615 2612 iuniores
643 2552 858 2616 quamquam
885 2529 922 2594 in
947 2529 1108 2597 Orestiae
1135 2526 1264 2593 fabulis
1288 2528 1376 2593 Cho-

194 2634 319 2720 ephori
342 2637 447 2702 valde
468 2636 644 2705 differunt
691 2640 773 2702 Non
791 2637 895 2722 plane
920 2635 1071 2722 denique
1087 2633 1305 2722 repudianda
1321 2644 1375 2699 est

199 2742 323 2809 Riteri
340 2743 585 2831 sententia‚¹³⁶)
607 2743 666 2830 qui
683 2765 788 2810 usum
803 2741 1100 2827 metonymiarum
1116 2741 1209 2827 apud
1221 2741 1376 2824 Aeschy-

198 2848 272 2914 lum
297 2849 447 2916 crevisse
471 2851 597 2918 statuit
613 2851 709 2917 hisce
725 2851 965 2938 exemplorum
981 2848 1137 2915 numeris
1153 2846 1265 2914 nisus:
1291 2857 1376 2913 sunt

193 2955 291 3021 enim
325 2956 361 3023 in
387 2957 614 3046 Supplicibus
642 2962 690 3033 16,
725 2956 761 3023 in
792 2955 905 3023 Persis
932 2962 981 3039 19,
1015 2955 1052 3020 in
1081 2956 1225 3041 Septem
1251 2959 1302 3036 29,
1337 2953 1373 3019 in

199 3065 406 3131 Prometheo
434 3070 481 3146 10,
517 3065 553 3131 in
577 3067 847 3152 Agamemnone
870 3069 921 3147 31,
950 3064 986 3129 in
1013 3061 1229 3149 Choephoris
1253 3066 1305 3136 31,
1337 3057 1396 3126 in'

196 3167 455 3238 Eumenidibus
472 3178 522 3239 24.

307 3279 378 3345 Sed
416 3279 472 3344 his
511 3278 731 3366 argumentis
770 3302 842 3345 non
881 3288 1021 3345 tantum
1061 3277 1287 3342 tribuendum
1322 3284 1376 3341 est

199 3394 372 3468 quantum
407 3385 591 3471 prioribus,
627 3386 755 3473 quibus
790 3385 876 3452 satis
908 3395 1046 3451 constat
1074 3382 1259 3471 Supplices
1287 3380 1375 3447 anti·

308 3622 362 3698 ¹3⁴)
387 3623 432 3680 Cf.
454 3625 663 3693 Meisterhans
687 3624 791 3682 Gram.
816 3627 844 3682 d.
868 3632 919 3680 att.
936 3622 1049 3683 Inschr.
1070 3619 1163 3681 1888.
1186 3640 1216 3695 p.
1232 3618 1307 3679 212.
1341 3617 1375 3674 In

198 3710 441 3786 inscriptionibus
459 3714 565 3771 Atticis
588 3732 643 3789 per
659 3721 754 3771 totum
779 3715 934 3770 saeculum
952 3712 979 3766 V
996 3731 1023 3768 a.
1039 3710 1108 3768 Chr.
1124 3729 1153 3766 n.
1174 3711 1286 3766 nullam
1303 3724 1375 3764 con·

194 3799 384 3858 iunctionem
413 3803 469 3858 nisi
504 3790 601 3870 ὅπως
635 3801 674 3862 ἄν
707 3803 736 3858 in
770 3802 931 3859 enuntiatis
966 3801 1107 3857 finalibus
1143 3814 1300 3856 occurrere
1336 3813 1374 3853 ne

199 3887 347 3946 Weberus
371 3891 494 3965 quidem
519 3894 644 3967 ignorat.
1142 3951 1146 3969 ,

311 3975 366 4059 135)
390 3979 786 4055 Entwicklungsgeschichte
811 3979 865 4036 des
889 3977 1152 4036 substantivierten
1177 3973 1376 4031 Infinitivsz

192 4065 326 4126 Schanz:
350 4069 488 4144 Beitrage
505 4077 562 4130 etc.
589 4063 684 4129 1888.

308 4153 363 4237 136)
388 4158 436 4215 De
461 4160 647 4233 Metonymia
676 4161 846 4216 abstractae
875 4156 1005 4213 notionis
1036 4172 1090 4228 pro
1120 4161 1264 4210 concreta
1294 4149 1376 4225 apud

194 4246 389 4320 Aeschylum.
425 4248 503 4304 Diss.
528 4248 616 4305 Halle
645 4247 739 4309 1877.

1268 4365 1287 4407 V
