3136 4914
619 308 841 384 -17-

146 533 238 619 quod
267 530 428 601 videntes
457 531 692 600 Athenienses
720 533 884 601 delectari
913 533 1100 620 potuerint.
1147 536 1318 621 Apertum

145 649 265 706 autem
284 662 360 706 esse
376 640 455 706 illos
472 662 594 707 versus
607 639 757 707 Athenis
775 643 818 708 de
831 643 905 708 sola
918 640 1085 724 Minerva,
1103 643 1201 708 nullo
1212 643 1318 707 modo

146 749 189 813 de
220 746 344 833 Diana,
369 746 528 835 intellegi
552 747 716 835 potuisse.
765 748 953 820 Loeschkii
988 746 1185 816 sententiae
1208 749 1319 835 Ddrp

145 854 273 921 leldius
307 877 450 943 quoque
489 854 725 942 adstipulatus
765 856 876 944 est30).
934 855 1070 924 Tamen
1111 879 1156 922 ne
1191 857 1317 922 horum

146 961 288 1047 quidem
322 962 478 1030 virorum
513 962 796 1030 doctissimorum
824 962 943 1050 opinio
971 974 1064 1030 stare
1095 973 1219 1049 potest.
1264 966 1318 1029 De

147 1069 319 1156 singulari
344 1071 439 1137 enim
455 1094 557 1137 muro
574 1073 673 1138 nullo
688 1073 794 1138 modo
811 1075 930 1139 ἐνώπια
946 1072 1060 1138 dicere
1077 1071 1165 1139 licet.
1206 1075 1318 1137 Immo

148 1176 361 1244 testimoniis
397 1177 535 1246 traditis
559 1179 778 1265 perlustratis
803 1183 922 1246 ἐνώπια
946 1202 1017 1245 non
1041 1179 1182 1246 moenia
1204 1178 1318 1245 muni-

145 1284 226 1350 endi
252 1308 357 1352 causa
378 1298 565 1368 exstructa,
590 1289 651 1353 sed
675 1286 825 1372 parietes
850 1288 1020 1353 domuum
1044 1284 1247 1373 significare
1269 1286 1318 1352 vi-

145 1395 276 1459 demus,
317 1397 397 1459 Hoc
421 1417 526 1460 sensu
551 1405 690 1480 qnatter
714 1396 808 1480 apud
826 1398 1021 1460 Homerum
1047 1394 1080 1458 id
1106 1395 1316 1460 vocabulum

145 1499 284 1587 legitur.

196 1610 225 1675 Θ
248 1615 312 1675 435
337 1637 380 1670 z
405 1613 423 1674 d
447 1615 489 1676 42
513 1615 639 1696 dippum
664 1615 690 1675 ‹l’
708 1615 831 1677 ἔκλιναν
845 1613 926 1700 πρὸς
949 1614 1068 1676 ἐνώπια
1091 1614 1318 1695 παμφανόεντα

403 1721 421 1782 d
445 1723 487 1784 43
512 1721 626 1789 αἰποὺς
650 1722 676 1781 ‹l‘
693 1723 820 1804 εἰσῆγον
842 1721 930 1784 aleton
953 1721 1054 1803 δόμον

189 1827 228 1888 Ν
248 1829 343 1893 26011
402 1828 538 1915 δούρατα
555 1878 656 1890 .....
682 1829 799 1892 ἐστόοτ’
824 1829 860 1892 ἐκ
883 1828 985 1909 κλισίῃ
1010 1828 1090 1910 πρὸς
1114 1830 1232 1892 ἐνώπια

1000 1936 1228 2017 παμφανόεντα

204 2069 223 2124 χ
251 2045 312 2106 1ἳο
402 2043 495 2116 τόξον
517 2042 575 2124 μὲν
598 2042 677 2128 πρὸς
699 2042 845 2124 σταθμὸν
868 2042 1039 2112 ἐϋσταθέος
1061 2038 1213 2128 μεγάροιο

412 2150 501 2213 ἔκλιν’
526 2146 693 2231 ἑστάμεναι
715 2150 794 2236 πρὸς
817 2151 936 2212 ἐνώπια
958 2149 1193 2231 παμφανόωντα.

146 2273 382 2360 Antiquorum
392 2272 702 2360 grammaticorum
715 2271 1022 2359 interpretationes
1039 2271 1193 2339 servavit
1206 2276 1319 2358 Hesy-

147 2380 247 2448 chius
271 2405 295 2448 S.
312 2406 343 2448 v.
368 2385 508 2447 ἐνώπια·
537 2383 573 2445 τὰ
597 2382 784 2466 καταντικρὺ
807 2390 863 2446 τοῦ
886 2383 1034 2453 πυλῶνος
1062 2379 1239 2465 φαινόμενα
1256 2386 1317 2466 ’μὲ-

147 2516 186 2575 ρη
211 2493 231 2553 ἃ
254 2491 307 2555 καί
332 2486 522 2572 διεκόσμουν
550 2492 641 2554 ἕνεκα
671 2495 735 2554 τών
757 2487 946 2570 παριόντων,
970 2500 1006 2555 et
1033 2511 1056 2554 S.
1082 2513 1112 2554 v.
1133 2491 1318 2571 προνώπια·

145 2600 181 2662 τοὶ
214 2599 396 2682 ἔμπροσθεν
428 2604 492 2661 τῶν
514 2599 632 2671 πυλών,
661 2600 809 2680 καθάπερ
833 2596 954 2662 ἐνώπια
980 2599 1017 2660 τὰ
1046 2597 1147 2670 ἐνόον)
1176 2598 1257 2661 ὅπου
1287 2600 1319 2659 αῖ

136 2702 263 2776 ,εἰκόνες
284 2707 425 2770 τίθενται.
465 2705 621 2789 Apparet
641 2701 752 2789 igitur
775 2706 903 2768 ἐνώπια
927 2725 1002 2768 esse
1017 2700 1168 2789 parietes
1192 2702 1317 2767 domus

145 2823 208 2879 aut
243 2809 440 2878 accuratius
476 2809 660 2877 vestibuli·
699 2810 838 2876 Certam
873 2819 992 2875 antem
1027 2811 1153 2875 domus
1181 2820 1317 2895 partem

146 2922 265 2985 ἐνώπια
292 2915 494 3005 significare
522 2939 637 3003 neque
665 2919 709 2982 de
742 2916 1010 3004 quibuscunque
1045 2914 1213 2982 aedificiis
1249 2913 1316 2981 dici

146 3048 248 3110 posse
280 3025 387 3093 etiam
416 3024 533 3112 magis
557 3022 746 3111 apparebit,
774 3022 804 3090 si
828 3022 1111 3111 comparabimus
1140 3027 1316 3109 πρανώπια,

147 3134 240 3220 quod
264 3134 475 3200 vocabulum
500 3130 639 3217 saepius
663 3134 707 3198 ab
725 3130 894 3218 Euripide
918 3130 1118 3198 adhibitum
1134 3143 1195 3214 est,
1219 3132 1317 3197 velut

146 3243 246 3326 Βάκχ.
273 3243 335 3306 638
360 3244 407 3314 ὡς
431 3243 466 3305 δέ
487 3266 542 3323 μοι
567 3242 657 3305 δοκεῖ
680 3248 785 3324 φοφεῖ
805 3247 882 3322 γοῦν
906 3241 1026 3323 ἀρβύλη
1050 3241 1161 3322 ὃόμιον
1184 3236 1257 3320 lto,

359 3352 401 3421 εἰς
424 3351 578 3432 προνώπι’
603 3349 698 3430 αὐτίχ’
722 3350 787 3431 ἥξει
1072 3350 1073 3354 ’

147 3475 190 3541 de
222 3471 374 3541 aedilicii
398 3474 513 3539 fronte
542 3469 742 3554 adhibetur3
768 3470 886 3558 itaque
910 3471 1068 3537 Bacchus
1094 3468 1152 3536 uhi
1178 3471 1317 3536 edomo

147 3603 309 3667 egressus
333 3591 394 3664 est,
419 3603 439 3646 a
465 3580 622 3646 Pentheo
647 3577 868 3665 compellitur
891 3603 921 3644 v.
948 3583 1011 3643 645

187 3705 190 3709 ’
360 3679 410 3753 όὸ)
434 3690 513 3753 ἐστίν
535 3691 624 3772 ἁνήρ·
648 3690 676 3751 τί
696 3684 784 3769 τόὸε;
813 3693 882 3758 πῶς
906 3689 1089 3770 προνώπιος

359 3799 460 3880 φαίνει
483 3795 564 3880 πρὸς
588 3797 685 3866 οἴκοις
707 3779 771 3865 τοῖς
794 3796 880 3877 ἐμοῖς
903 3796 966 3868 ἔξω
989 3796 1106 3877 βεβώς;

146 3925 263 4008 Atque
286 3919 454 3988 audacius
478 3919 612 3986 dictum
636 3921 679 3985 de
704 3931 815 3986 terrac
838 3917 908 3985 situ
933 3916 1113 3984 invenitur

293 4030 407 4094 Ἱππόλ,
433 4032 506 4092 373.
544 4029 720 4112 Τροιζήνιαι
744 4034 895 4110 γυναῖκες)
919 4030 955 4089 αἰ
972 4027 1036 4090 τόδ’
1061 4029 1191 4108 lazaro»

539 4138 649 4201 οἰκεῖτε
673 4139 782 4218 χώρας
805 4136 966 4203 Πελοπίας
988 4136 1174 4215 προνώπιον

146 4230 358 4239 mm...-

256 4300 295 4385 30)
321 4306 433 4363 Athen.
456 4304 574 4361 blitteil.
598 4301 710 4360 XXVII
738 4300 830 4361 1902.
855 4301 929 4360 379.
