3136 4914
668 297 890 364 ..50-

513 516 580 596 urg,
604 506 650 594 uic
674 511 768 580 ἴδωσι
790 517 880 602 τῆσδ’
904 517 1043 604 ἀφίξεως
1065 517 1188 597 τέκμαρ

510 626 635 701 πάντες
661 624 786 689 πολῖται
814 623 888 711 μηδ’
913 624 1110 710 ἀπορριφθῇ
1133 622 1228 707 λόγος
1248 621 1253 704 Ι
1273 623 1370 703 ἐμοῦ·

190 764 283 848 apud
308 763 515 849 Euripidem
539 764 699 830 Theseus

191 905 322 991 (Suppl.
348 908 433 1000 354.)
457 903 567 992 λαβὼν
590 910 616 974 d’
635 897 812 992 Ἄδραστον
836 910 953 995 δεῖγμα
976 912 1041 972 τῶν
1064 909 1151 991 ἐμῶν
1174 907 1278 987 λόγων

458 1013 507 1093 εἰς
528 1017 660 1103 πλῆθος
684 1018 791 1082 ἀστῶν
815 1008 890 1098 εἶμι.

192 1154 355 1241 Denique
375 1178 447 1221 non
465 1155 541 1222 sine
558 1156 724 1241 Aeschyli
742 1157 903 1242 exemplo
926 1156 1133 1243 (907-953)
1157 1157 1372 1235 factumest,

192 1263 286 1347 quod
310 1285 435 1348 praeco
465 1286 596 1351 procax
621 1262 746 1348 lingua
775 1264 868 1349 apud
893 1262 1101 1351 Euripidem
1125 1283 1263 1348 quoque
1287 1283 1369 1325 cum

191 1391 275 1454 rege
292 1381 402 1436 certat
423 1370 634 1457 (399-584),
651 1371 719 1435 nisi
736 1371 830 1456 quod
847 1369 1036 1455 Euripides
1052 1392 1094 1434 ea
1110 1391 1199 1454 quae
1214 1368 1372 1451 Aeschy-

190 1477 246 1541 lus
271 1487 411 1542 tantum
439 1476 700 1563 perstrinxerat,
724 1478 807 1543 data
836 1499 941 1563 opera
968 1475 1196 1565 persequitur.
1243 1474 1368 1560 quue

192 1583 344 1669 apertior
367 1595 421 1649 est
444 1583 604 1667 imitati0,
629 1587 722 1670 quod
744 1585 836 1650 hanc
860 1606 1032 1665 scaenam,
1057 1603 1271 1669 quamquam
1295 1604 1366 1645 non

192 1713 302 1776 aeque
337 1690 534 1757 necessaria
570 1702 677 1777 atque
712 1693 806 1777 apud
835 1693 1052 1775 Aeschylum
1087 1700 1170 1771 erat,
1206 1689 1370 1754 consulto

191 1796 341 1864 inseruit
365 1798 417 1884 (ut
440 1797 659 1866 exoratione
682 1797 812 1865 Thesei
830 1802 1005 1864 381—399
1023 1798 1180 1884 apparet)
1205 1795 1241 1861 id
1264 1817 1369 1881 appe-

193 1916 279 1987 tens,
296 1916 337 1971 ut
349 1905 385 1971 in
400 1928 441 1971 ea
453 1908 496 1971 de
509 1907 612 1972 rebus
625 1905 788 1972 civilibus
800 1907 908 1972 verba
920 1904 1053 1971 fierent.
1078 1906 1181 1976 Sane,
1197 1901 1288 1968 nein
1302 1903 1368 1967 hoc

193 2011 334 2098 quidem
364 2013 563 2079 orationum
593 2013 783 2079 certamine
807 2011 1004 2101 Euripides,
1033 2034 1103 2097 quo
1130 2013 1259 2096 flagret
1287 2009 1369 2074 odio

191 2119 227 2185 in
253 2142 451 2205 praecones,
476 2122 636 2186 occultat.
677 2122 795 2204 Quare
819 2119 884 2185 etsi
901 2118 1109 2204 Euripidem
1127 2117 1211 2183 huic
1227 2117 1373 2183 fabulae

192 2225 247 2292 sui
271 2226 407 2312 ingenii
433 2250 473 2292 ac
496 2227 550 2292 sui
568 2226 736 2313 temporis
760 2227 864 2311 signa
888 2237 923 2291 et
947 2237 1049 2292 notas
1068 2224 1287 2310 impressisse
1310 2246 1374 2288 ne*

192 2330 325 2398 minem
348 2331 450 2417 fugit,
476 2344 593 2398 tamen
623 2333 659 2398 in
685 2332 834 2399 actionis
857 2354 1047 2418 progressu
1076 2331 1230 2417 vestigia
1253 2354 1373 2397 exem-

192 2438 241 2527 pli
265 2439 452 2524 Aeschylei
476 2439 660 2527 perspicua
684 2451 775 2506 sunt.
822 2441 893 2507 Sed
917 2442 1004 2505 haec
1028 2439 1064 2505 in
1091 2451 1302 2505 transcursu.

301 2546 447 2614 Reversi
477 2559 596 2614 autem
625 2549 670 2613 ad
694 2570 768 2613 rem
791 2547 1007 2633 propositam
1036 2545 1250 2612 non'minus
1274 2567 1370 2610 sum-

191 2677 271 2720 mae
294 2654 483 2721 vetustatis
506 2654 660 2740 vestigia
683 2655 720 2720 in
737 2653 965 2740 Supplicibus
990 2653 1220 2734 inveniemus,
1245 2651 1275 2717 si
1297 2675 1371 2717 om-
1416 2644 1419 2649 ’

193 2761 278 2826 nino
302 2764 346 2827 de
361 2761 511 2849 dialogis
536 2774 571 2828 et
587 2764 631 2827 de
647 2761 847 2828 orationum
864 2761 991 2844 indole,
1016 2759 1226 2847 comparatis
1243 2759 1372 2825 ceteris

194 2867 385 2952 tragoediis
425 2869 608 2954 Persisque
646 2868 878 2954 potissimum,
914 2866 1111 2934 accuratius
1151 2889 1372 2953 quaeremus,

195 2976 300 3043 Unde
328 2975 512 3061 Supplices
545 2978 588 3041 ab
617 2974 815 3061 originibus
845 2975 1047 3061 tragoediae
1082 2974 1225 3060 propius
1261 2997 1368 3061 quam

193 3093 327 3148 ceteras
350 3084 488 3148 fabulas
512 3084 634 3148 abesse
658 3083 841 3148 discemus.
889 3086 982 3147 Nam
1007 3105 1087 3155 cum
1112 3081 1294 3166 tragoedia
1317 3081 1369 3148 ita

194 3202 271 3257 orta
294 3189 348 3273 sit,
373 3201 413 3256 ut
437 3191 481 3255 ad
506 3190 651 3255 chorum
675 3212 777 3255 curru
795 3201 891 3255 actor
907 3191 1148 3272 adveheretur,
1172 3189 1264 3254 duae
1286 3188 1372 3254 illae

193 3309 310 3383 partes
334 3318 407 3362 rem
432 3295 481 3360 sic
505 3295 597 3362 inter
620 3319 657 3362 se
680 3296 837 3362 dividere
853 3307 1025 3382 poterant,
1049 3307 1090 3362 ut
1113 3306 1176 3361 aut
1191 3293 1368 3361 orationes

194 3404 366 3470 haberent
390 3414 451 3468 aut
475 3402 650 3488 colloquia
666 3415 855 3471 necterent
896 3404 1004 3470 Cuius
1029 3401 1192 3490 colloquii
1216 3401 1369 3487 priscam

194 3513 343 3575 formam
371 3508 660 3594 stichomythiam
688 3510 796 3576 fuisse
824 3513 888 3577 Ad.
914 3509 1080 3578 Grossius
1104 3532 1217 3596 nuper
1239 3509 1374 3596 peculi-

195 3615 245 3682 ari
273 3615 361 3682 libro
398 3616 632 3702 exposuit¹¹¹).
692 3620 817 3704 Itaque
852 3617 888 3683 in
923 3617 1046 3703 primis
1083 3614 1273 3702 tragoediis
1307 3617 1373 3707 ubi

195 3722 368 3809 colloquia
393 3734 477 3789 sunt
493 3725 652 3789 nondum
669 3723 832 3810 dialogus
846 3723 1007 3791 liberiore
1029 3725 1135 3789 modo
1152 3723 1369 3809 compositus

196 3831 256 3896 sed
286 3816 558 3914 stichomythiae
593 3833 851 3918 exspectandae
880 3843 971 3898 sunt.
1030 3833 1147 3917 Atque
1182 3829 1218 3896 in
1254 3830 1369 3916 prisca

195 3939 306 4003 forma
331 3938 533 4023 tragoediae
557 3936 714 4004 accidere
730 3939 855 4024 potuit,
878 3950 920 4004 ut
943 3961 1015 4004 una
1031 3937 1142 4004 oratio
1160 3948 1275 4004 totum
1299 3937 1370 4024 epi-

196 4042 335 4109 sodium
359 4043 513 4110 efficeret
542 4056 578 4110 et
601 4043 764 4131 dialogus
792 4045 935 4111 omnino
960 4047 1105 4111 deesset.
1154 4044 1262 4111 Cuius
1287 4044 1368 4109 sim-

192 4191 406 4200 n--mm-...

313 4259 366 4347 ¹¹¹)
390 4266 448 4323 Die
459 4265 685 4340 Stichomythie‚
702 4269 764 4323 ihre
776 4268 968 4343 Anwendung
978 4269 1038 4324 und
1055 4269 1099 4324 ihr
1109 4268 1262 4342 Ursprung
1276 4264 1373 4324 1905.
