3136 4914
709 336 841 457 ,21ss
887 429 931 437 .-

453 608 522 675 ιὶλλ’
547 607 619 675 iim
641 605 736 696 φήμη
760 607 946 692 κρείσσονας
969 602 1086 674 λύκους
1109 608 1210 668 κυνῶν

453 709 552 781 εἶναι·
586 715 708 798 βύβλου
732 713 768 780 δὲ
790 705 920 800 καρπὸς
943 702 980 777 οὗ
1004 719 1115 798 ’κρατεῖ
1135 707 1255 792 (froyla

268 836 304 889 et
325 827 424 890 95213
449 813 519 888 ἀλλ’
543 810 687 907 ἄρσενάς
708 846 760 886 τοι
783 822 881 908 τῆσδε
903 825 963 907 γῆς
986 815 1158 907 οἰκήτορας

454 918 596 1016 ἀρήσετ’
621 931 660 994 οὐ
683 931 843 1005 πίνοντας
866 926 901 993 ἐκ
925 931 1056 1013 κριθῶν
1078 924 1176 1008 μέθυ.

241 1078 357 1138 Immo
381 1094 461 1137 curn
486 1069 654 1158 Aegyptii
679 1092 741 1157 per
765 1081 877 1136 totam
900 1071 1055 1134 fabulam
1081 1067 1199 1133 infesti
1224 1066 1313 1133 viles
1337 1049 1443 1132 con-s

243 1179 367 1265 tempti
396 1178 476 1262 sint,
504 1177 541 1244 id
568 1176 655 1243 mihi
684 1176 827 1264 quidem
863 1187 1023 1242 constare
1057 1173 1197 1241 videtur
1231 1172 1418 1260 Supplices

242 1298 323 1373 post
355 1308 488 1352 annum
513 1291 586 1368 461,
619 1307 688 1372 quo
722 1307 815 1351 anno
849 1282 1083 1350 Athenienses
1116 1304 1194 1347 cum
1232 1280 1418 1368 Aegyptiis

242 1395 366 1460 foedus
390 1392 478 1459 inire
507 1404 706 1479 coeperunt,
730 1394 869 1456 doctam
899 1413 974 1456 esse
1002 1413 1073 1456 non
1107 1412 1209 1476 posse
1217 1394 1265 1469 ²⁶).
1319 1393 1427 1456 Prae-'

245 1513 339 1567 terea
362 1511 549 1586 postquam
568 1499 802 1564 Buechelerus
826 1520 925 1564 suam
951 1497 1164 1562 sententiam
1187 1495 1343 1582 protulit,
1368 1496 1419 1562 in·

244 1605 493 1694 scriptionibus
505 1604 661 1672 inventis
678 1604 879 1684 innotuit27)
896 1627 1030 1671 novum
1048 1602 1228 1670 Minervae
1246 1606 1419 1690 ternplum

245 1735 339 1782 anno
355 1714 498 1780 demum
523 1719 596 1796 447,
621 1735 748 1779 novem
773 1712 876 1778 annis
899 1724 980 1797 post
996 1710 1160 1795 Aeschyli
1185 1723 1343 1794 mortem,
1368 1709 1424 1776 in·-

246 1831 386 1906 ceptum
415 1842 499 1886 esse.
546 1822 662 1904 Quam
691 1818 801 1906 igitur
826 1820 1059 1885 Buechelerus
1088 1818 1201 1884 voluit
1229 1817 1318 1884 ratio
1346 1841 1421 1885 non>

246 1927 432 1994 intercedit
460 1926 552 1993 inter
580 1928 647 1992 hoc
678 1928 848 2013 templum
876 1939 911 1991 et
935 1928 1033 2010 σεμνὰ
1061 1925 1121 1990 illa
1146 1923 1271 1992 ἐνώπια.
1322 1930 1422 1991 Prae-

247 2047 341 2102 terea
365 2036 565 2102 Parthenon
597 2035 735 2105 etiamsi
766 2047 849 2101 ante
878 2059 905 2100 a.
932 2039 996 2101 460
1025 2045 1169 2121 coeptus
1196 2046 1296 2117 esset,
1325 2056 1420 2100 anno

247 2148 311 2209 460
339 2143 498 2208 nondum
527 2145 570 2207 ad
605 2141 715 2208 linem
749 2144 939 2229 perductus
974 2141 1105 2207 luisset.
1153 2145 1204 2207 Ac
1238 2164 1283 2206 ne
1315 2140 1349 2206 in
1383 2140 1421 2206 id
1474 2144 1478 2148 “

247 2247 389 2336 quidem
418 2247 599 2315 Minervae
635 2249 814 2334 templum,
849 2250 943 2334 quod
978 2260 1061 2315 ante
1095 2246 1262 2315 Periclem
1297 2249 1420 2314 eodem

247 2357 326 2422 loco.
348 2354 480 2421 exstrui
502 2366 665 2440 coeptum
690 2366 771 2437 erat,
798 2377 877 2420 cum
902 2377 1083 2442 nunquam
1101 2377 1205 2442 super
1222 2355 1421 2441 crepidoma

248 2465 416 2528 eductum
441 2461 495 2544 sit,
519 2485 560 2527 ea
583 2462 690 2528 verba
714 2465 895 2549 quadrant.

355 2569 424 2637 Sed
449 2567 589 2634 illorum
605 2591 771 2636 versuum
795 2569 884 2636 aliae
900 2569 1206 2656 interpretationes
1222 2569 1422 2656 propositae

249 2688 340 2743 sunt
388 2675 657 2763 Loeschkius²⁸)
682 2675 777 2742 enim
801 2698 880 2741 cum
906 2678 1119 2742 Buechelero
1143 2675 1179 2741 in
1199 2678 1266 2742 hac
1289 2699 1326 2742 re
1342 2698 1422 2742 con-

249 2782 365 2867 sentit,
383 2784 476 2869 quod
489 2784 533 2849 ad
545 2805 679 2849 novum
696 2783 837 2870 aliquod
854 2781 1063 2866 aedificium,
1080 2784 1173 2869 quod
1186 2783 1424 2850 Athenienses

249 2890 286 2957 in
304 2913 382 2956 arce
394 2889 640 2973 exstruxerint,
653 2913 713 2957 eos
725 2891 925 2956 referendos
938 2913 1013 2957 esse
1027 2903 1153 2959 censet.
1185 2893 1288 2976 Quod
1303 2902 1420 2957 tamen

249 3020 321 3064 non
352 2998 523 3084 templum
552 2997 733 3064 Minervae
779 3018 855 3062 esse
883 2999 943 3062 sed
972 3020 1112 3064 murum
1147 2997 1426 3083 meridionalem,

251 3127 355 3192 quem
377 3103 501 3171 Cimon
526 3114 626 3191 parta
649 3103 826 3190 inpugna
849 3105 893 3169 ad
910 3103 1212 3190 Eurymedontem
1237 3106 1423 3172 commissa

250 3212 380 3298 praeda
408 3211 661 3276 exstruendum
691 3211 873 3295 curaverit,
907 3211 1009 3298 quie
1041 3214 1179 3279 theatro
1213 3214 1427 3301 conspicuus

251 3317 363 3404 luerit.
412 3319 515 3402 Quod
540 3317 569 3382 si
593 3328 770 3384 statuatur
793 3318 919 3385 melius
943 3319 1103 3407 intellegi
1126 3320 1325 3406 possevini
1349 3343 1425 3388 ver·

250 3427 384 3506 borum,
416 3423 543 3510 quibus
571 3423 721 3492 firmitas
748 3424 922 3511 parietum
951 3427 1120 3493 laudetur.
1179 3431 1303 3515 Itaque
1335 3429 1425 3515 Sup-

252 3531 359 3618 plices
392 3543 472 3616 post
505 3542 723 3597 exstructum
756 3531 855 3598 illurn
889 3556 1031 3599 murum
1066 3535 1156 3600 circa
1189 3558 1322 3602 annum
1358 3539 1427 3602 460

253 3640 393 3705 doctam
428 3661 503 3703 esse
531 3661 594 3724 pro
629 3640 810 3725 explorato
843 3641 957 3707 habet.
1015 3642 1176 3710 Eandem
1210 3642 1424 3710 sententiam

253 3768 365 3831 nuper
386 3747 502 3811 denuo
518 3747 695 3831 professus
719 3753 827 3829 est29J.
867 3750 982 3832 Quem
1005 3771 1146 3814 murum
1170 3749 1315 3816 unicum
1340 3761 1426 3817 tunc

253 3851 290 3919 in
307 3874 384 3918 arce
400 3850 516 3935 luisse,
532 3852 763 3939 magnificam
779 3853 930 3939 speciem
955 3857 1126 3941 praebens
1142 3868 1427 3943 monumentum,

363 4089 401 4167 ²⁶)
425 4089 471 4150 Cl.
496 4092 641 4168 Droysen.
688 4095 853 4170 Aeschylus
876 4096 1068 4172 Tragoedien
1091 4101 1244 4158 libersetzt
1267 4119 1296 4173 p.
1319 4098 1394 4160 573.

362 4181 401 4255 27)
424 4181 684 4256 Jahn-Michaelis.
729 4185 788 4242 Arx
811 4185 998 4244 Athenarum
1021 4186 1073 4247 94.

363 4269 405 4346 ²⁸)
427 4272 601 4346 Programm
623 4271 651 4332 d.
675 4272 828 4348 Dorpater
849 4273 1033 4335 Universiut
1059 4277 1153 4348 1885,
1177 4278 1195 4337 7
1221 4279 1298 4340 Adn.
1317 4278 1347 4337 5.

364 4354 403 4441 22)
427 4360 581 4435 Jahrbuch
606 4361 634 4417 d.
658 4363 789 4420 archaol.
813 4363 906 4421 Instit.
934 4363 1028 4425 1904.
1053 4367 1105 4426 22.
