3136 4914
657 274 902 398 -332

183 568 338 635 possum.
375 549 469 611 Nam
485 548 525 609 Io
549 543 694 610 omnino
718 565 789 610 non
816 555 954 631 poterat
978 545 1073 630 scire,
1099 569 1205 634 aquo
1230 549 1296 614 deo
1313 559 1368 616 tot

184 665 355 740 tantaque
378 653 471 716 mala
496 649 562 716 sibi
592 661 714 737 parata
742 663 867 718 essent.
916 655 1042 739 Itaque
1068 676 1149 719 cum
1167 655 1366 740 Aeschylus

183 784 256 828 non
281 781 359 826 eam
384 758 580 823 libertatem
604 755 670 823 sibi
696 780 833 824 sumere
856 771 977 846 posset
1000 780 1108 846 quam
1130 764 1366 844 Homerus⁶⁶),

185 866 287 933 cuius
310 886 480 951 personae
496 862 620 944 sciunt,
645 886 735 949 quae
759 863 794 929 in
812 865 969 931 consiliis
985 868 1131 932 deorum
1149 866 1367 934 constituan-

186 986 251 1056 tur,
270 970 376 1058 'quasi
400 968 467 1054 ipsi
491 969 667 1055 adfuerint
692 971 726 1056 (μ
744 975 808 1036 374
822 994 865 1037 ss,
891 988 921 1056 ψ
944 977 1009 1038 403
1020 974 1086 1060 ss),
1122 976 1162 1039 Io
1190 977 1367 1040 Iunonem

186 1078 333 1145 omnino
362 1099 432 1142 non
468 1076 618 1142 debebat
649 1076 840 1143 nominare.
900 1082 1026 1165 Itaque
1053 1081 1252 1166 Aeschylus
1284 1101 1366 1163 non,

184 1197 225 1252 ut
250 1184 424 1250 Mellenus
448 1193 483 1248 et
507 1181 674 1248 Koertius
697 1184 833 1268 volunt,
857 1207 938 1250 cum
963 1184 1099 1272 Iupiter
1120 1197 1244 1252 auctor
1258 1188 1367 1253 malo-

183 1315 264 1359 rum
292 1291 346 1374 sit,
375 1289 474 1376 quasi
503 1289 621 1355 minus
650 1289 803 1376 diligens
837 1303 873 1358 et
896 1291 1063 1359 incautus
1087 1297 1264 1361 Iunonem
1287 1293 1368 1360 reti-

182 1399 277 1482 nuit3
313 1398 406 1483 quod
438 1396 466 1462 si
494 1396 673 1479 voluisset,
702 1397 804 1463 facile
831 1399 950 1484 potuit
974 1400 1100 1483 vitare;
1135 1400 1245 1467 immo
1274 1404 1366 1467 Iuno

185 1520 258 1575 tam
283 1527 387 1591 saepe
411 1504 453 1590 (v.
471 1508 544 1586 592,
570 1508 642 1586 703,
665 1504 742 1592 900)
767 1527 874 1591 quam
890 1505 1027 1593 Iupiter
1042 1513 1086 1591 (v.
1105 1511 1179 1591 578,
1197 1513 1271 1591 737,
1288 1512 1367 1590 759)

183 1615 279 1680 mala
313 1612 487 1697 irrogasse
521 1608 657 1676 dicitur.
697 1610 833 1697 Iupiter
866 1613 1002 1699 primus
1036 1613 1121 1680 mali
1152 1626 1275 1681 auctor
1303 1625 1366 1697 est,

183 1721 280 1808 quod
315 1720 360 1785 ob
394 1716 501 1783 huius
536 1715 591 1782 dei
627 1739 782 1784 amorem
818 1722 858 1783 Io
896 1722 990 1786 mala
1026 1721 1170 1809 patitur.
1231 1725 1366 1790 Verum

184 1837 381 1894 ceterorum
403 1825 576 1889 malorum
600 1834 779 1890 auctorem
797 1827 1028 1893 Prometheus
1049 1828 1109 1915 qui
1125 1839 1162 1895 et
1176 1827 1367 1915 praeterita

182 1946 220 2001 et
236 1934 355 2000 lutura
367 1930 441 2014 scit,
458 1930 587 1996 diserte
598 1930 773 1996 nominat:
790 1935 973 1999 Iunonem.
1014 1934 1179 2001 Ceterum
1195 1934 1366 2002 memoria

184 2040 337 2127 dignum
359 2036 574 2123 minimeque
606 2035 642 2102 in
676 2038 743 2104 hac
776 2039 982 2124 quaestione
1011 2042 1278 2127 neglegendum
1311 2053 1366 2109 est

184 2169 260 2214 rem
282 2168 355 2212 nou
380 2144 481 2210 aliter
504 2166 541 2208 se
564 2144 693 2209 habere
724 2143 759 2210 in
782 2145 1008 2232 ‘Bacchylidis
1037 2147 1192 2214 carmine
1219 2154 1268 2234 18,
1304 2149 1363 2236 qui

183 2274 401 2340 quamquam
433 2251 573 2316 easdem
609 2250 738 2317 Iunoni
773 2263 891 2338 partes
925 2253 1049 2321 tribuit
1080 2255 1123 2342 (v.
1141 2261 1181 2321 21
1197 2258 1252 2338 ss.)
1276 2279 1364 2343 quas

183 2359 382 2444 Aeschylus
405 2357 442 2422 in
466 2356 699 2444 Supplicibus,
724 2369 843 2425 tamen
867 2385 899 2428 v.
927 2366 966 2426 17
991 2361 1078 2429 dicit

398 2488 497 2572 φεῦγε
520 2485 642 2570 χρυσέα
665 2489 746 2567 βοῦς

399 2579 610 2678 εῦρυσθενέος
633 2592 792 2678 φραδαῖσι
817 2592 985 2680 φερτάτου
1009 2592 1093 2674 Διός.

184 2713 415 2800 Bacchylides
449 2723 568 2779 autem
603 2735 674 2779 non
711 2736 770 2780 eas
804 2738 927 2782 causas
955 2718 1119 2802 habebat,
1155 2741 1217 2785 cur
1241 2723 1364 2787 Iovem

181 2823 357 2890 malorum
381 2831 560 2886 auctorem
584 2818 722 2903 diceret,
747 2842 834 2907 quas
857 2824 1074 2908 Aeschylum
1098 2824 1135 2891 in
1154 2828 1363 2894 Prometheo

182 2927 351 2997 habuisse
383 2928 517 2993 volunt.
563 2929 640 2992 Nec
672 2949 745 2993 non
777 2926 815 2993 in
839 2929 1067 3016 Supplicibus
1101 2933 1179 3000 Ioni
1216 2934 1364 3002 consilio

184 3036 280 3103 Iovis
304 3033 532 3120 migrandum
556 3044 618 3115 est,
642 3043 683 3099 ut
706 3033 795 3100 iram
812 3036 960 3103 Iunonis
976 3037 1093 3124 fugiat
1117 3051 1152 3106 et
1168 3039 1204 3106 in
1223 3044 1363 3129 Aegyp-

184 3157 261 3211 tum
284 3139 475 3228 perveniat.

292 3252 474 3314 Praeterea
492 3248 664 3313 Mellenus
681 3247 875 3333 vestigium
888 3250 1056 3337 antiquae
1072 3255 1212 3320 fabulae
1224 3256 1364 3342 Argum

183 3379 261 3424 esse
285 3353 476 3436 contendit,
501 3352 560 3439 qui
584 3353 619 3419 in
647 3356 855 3421 Prometheo
872 3379 1156 3445 supervacaneus
1172 3360 1226 3427 sit.
1273 3362 1362 3449 Argi

183 3474 301 3551 partes
325 3461 360 3527 in
386 3459 613 3545 Supplicibus
636 3459 737 3527 aliter
753 3484 859 3547 quam
876 3461 912 3528 in
932 3467 1141 3533 Prometheo
1157 3479 1361 3536 narrantur:

184 3569 285 3636 cuius
314 3568 363 3634 rei
388 3590 493 3633 causa
527 3578 588 3649 est,
622 3569 715 3653 quod
752 3572 791 3634 Io
826 3592 885 3636 eas
921 3593 975 3637 res
1006 3586 1135 3657 narrat,
1171 3598 1258 3662 quas
1289 3600 1361 3644 non

186 3678 286 3743 salva
306 3685 426 3740 mente
449 3696 552 3759 passa
576 3685 636 3739 est
685 3678 764 3739 Hoc
788 3698 869 3741 cum
894 3677 1177 3764 consideraverit,
1202 3704 1362 3749 summus

183 3793 289 3872 poeta
321 3779 557 3847 narrationem
591 3780 640 3847 ita
664 3780 830 3859 instituit,
862 3795 903 3849 ut
933 3785 1045 3853 menti
1074 3786 1171 3854 Ionis
1200 3790 1363 3857 turbatae

182 3899 422 3956 consentanea
446 3897 545 3953 esset.
593 3891 717 3974 Itaque
740 3911 795 3954 res
819 3912 889 3955 non
922 3890 972 3957 ita
1000 3905 1041 3959 ut
1070 3917 1106 3959 re
1134 3916 1218 3962 vera
1247 3898 1362 3964 factae

183 4008 278 4079 sunt,
309 3996 370 4061 sed
399 3993 449 4061 ita
477 4005 517 4060 ut
541 3993 618 4059 Ioni
648 3994 744 4061 visae
769 4009 861 4078 sunt,
895 4002 1092 4066 narrandae
1120 4013 1234 4070 erant:
1267 4007 1362 4090 quod

182 4127 219 4134 ..—

294 4196 332 4273 ⁶⁶)
359 4196 522 4264 Quomodo
558 4214 605 4252 res
641 4197 670 4252 in
699 4198 835 4256 Homero
869 4219 901 4257 se
935 4203 1057 4267 habeat,
1090 4206 1172 4262 bene
1201 4207 1363 4281 explicavit

180 4289 353 4363 Jdrgensen
377 4287 406 4340 in
430 4286 563 4341 Hermae
587 4287 644 4342 vol.
668 4285 795 4343 XXXIX
818 4284 931 4369 (1904)
956 4289 1030 4350 357.

1255 4423 1281 4465 lll
