3136 4914
669 320 890 390 ..61-

308 540 358 604 At
395 539 440 604 de
481 536 603 605 metris
645 560 735 625 quae
774 536 1013 604 Rossbachius
1055 549 1091 604 et
1127 536 1371 627 Westphalius

194 645 472 734 disputaverunt
482 647 544 732 ¹²⁸),
568 655 690 711 contra
712 655 870 711 nostram
893 643 1106 712 sententiam
1121 646 1234 712 lacere
1249 644 1371 712 riden-

196 765 264 820 tur.
311 753 401 820 Cum
429 751 524 818 enim
553 750 590 818 in
621 750 734 818 Persis
762 750 912 818 maiores
934 763 1053 839 partes
1079 775 1169 839 quae
1196 749 1369 818 dochmiis

196 859 414 946 compositae
453 859 526 925 sint
560 857 801 926 desiderentur
838 880 987 945 eamque
1023 860 1179 925 fabulam
1216 857 1370 941 omnino,

197 968 293 1055 quod
321 968 367 1033 ad
394 988 560 1032 numeros
588 964 746 1048 attineat,
782 965 933 1052 speciem
967 963 1190 1053 antiquitatis
1222 987 1305 1052 prae
1333 987 1371 1030 se

196 1075 287 1141 ferre
326 1072 459 1155 dicant,
504 1095 647 1139 necesse
685 1095 762 1139 esse
799 1072 971 1156 iudicant,
1010 1082 1051 1138 ut
1089 1070 1370 1160 antiquissimam

193 1192 417 1248 servatarum
452 1179 617 1264 Aeschyli
655 1181 854 1246 fabularum
889 1184 1011 1246 Persas
1050 1202 1126 1246 esse
1160 1191 1371 1262 statuamus;

194 1289 273 1355 sola
311 1286 406 1354 enim
441 1286 477 1352 in
512 1286 573 1352 illa
605 1298 827 1354 tetrametros
859 1286 1054 1354 trochaicos
1085 1309 1170 1370 esse,
1209 1289 1372 1373 strophas

197 1393 391 1480 dactylicas
427 1406 462 1459 et
496 1393 629 1461 ionicas
663 1393 917 1480 frequentiores
944 1417 1020 1460 esse
1048 1415 1154 1480 quam
1182 1393 1218 1459 in
1248 1393 1372 1459 ceteris

198 1500 335 1568 fabulis
383 1501 488 1585 Quod
512 1523 592 1566 cum
620 1500 812 1567 scriberent
844 1499 1037 1568 doctissimi
1075 1499 1126 1566 illi
1165 1500 1230 1567 riri
1269 1512 1373 1567 tetra-

199 1620 392 1674 metrorum
404 1607 669 1691 trochaicorum,
682 1607 741 1694 qui
755 1607 791 1674 in
804 1610 1074 1695 Agamemnone
1087 1619 1171 1674 sunt
1183 1608 1373 1694 (v.1344ss
1387 1676 1391 1686 ,

199 1720 287 1781 1649
312 1716 368 1802 ss.)
403 1717 508 1801 plane
543 1714 643 1781 obliti
672 1739 749 1782 esse
777 1715 951 1782 videntur.
1004 1717 1109 1800 Quod
1137 1725 1256 1782 autem
1285 1717 1373 1781 tales

197 1845 323 1889 versus
346 1821 414 1888 nisi
438 1821 474 1887 in
493 1830 761 1908 Agamemnone
780 1833 816 1888 et
839 1821 875 1888 in
902 1822 1015 1888 Persis
1038 1844 1109 1888 non
1134 1821 1374 1905 inveniuntur,

198 1927 237 1994 id
271 1951 337 1995 nos
371 1940 505 2012 monet,
544 1952 589 1995 ne
627 1929 733 1995 nimis
772 1929 929 1996 celeriter
966 1930 1010 1994 de
1044 1951 1270 1995 numerorum
1306 1952 1373 1994 usu

198 2035 396 2102 iudicemus
408 2059 499 2102 neve
515 2035 606 2119 inde,
623 2037 717 2122 quod
734 2059 848 2122 genus
864 2036 1006 2123 aliquod
1022 2058 1249 2102 numerorum
1265 2036 1373 2118 deest,

198 2143 388 2229 quicquam
412 2144 455 2209 de
479 2155 636 2229 tempore
658 2145 798 2209 fabulae
814 2145 1073 2210 concludamus.
1120 2147 1213 2208 Nam
1233 2144 1374 2209 fabulae

198 2249 365 2334 Aeschyli
390 2250 597 2337 superstites
620 2250 802 2339 pauciores
826 2261 911 2317 sunt
927 2273 1033 2337 quam
1049 2273 1139 2338 quae
1155 2273 1199 2316 ex
1214 2272 1376 2316 numero·

199 2379 279 2421 rum
303 2379 370 2423 usu
394 2356 430 2422 in
455 2357 614 2423 ordinem
639 2358 925 2445 chronologicam
947 2356 1061 2445 redigi
1077 2357 1221 2445 possint.
1262 2356 1377 2442 Quid?

199 2461 240 2531 Si
278 2465 322 2529 de
360 2474 517 2551 tempore
556 2465 796 2558 Eumenidum
835 2488 906 2532 non
946 2476 1132 2548 constaret,
1170 2464 1255 2551 quid
1293 2464 1376 2530 inde

197 2572 476 2655 concluderetur,
500 2573 594 2658 quod
616 2572 652 2637 in
674 2573 741 2638 hac
761 2573 882 2639 fabula
908 2572 1071 2659 glyconei
1100 2583 1136 2638 et
1158 2570 1376 2660 pherecratei

197 2675 345 2742 omnino
357 2679 506 2744 desunt?
533 2677 682 2745 Talibus
695 2678 806 2765 igitur
818 2678 1038 2766 argumentis
1054 2677 1156 2745 facile
1172 2677 1374 2764 decipimur.

307 2783 461 2850 Gravius
494 2797 548 2852 est
582 2787 675 2872 quod
700 2808 743 2851 ex
767 2784 988 2872 singulorum
1020 2796 1211 2852 metrorum
1239 2806 1377 2871 compo·

197 2888 328 2957 sitione
359 2890 445 2957 disci
477 2903 602 2978 potest.
649 2897 742 2959 Nam
771 2892 952 2960 dochmios
984 2891 1020 2958 in
1045 2891 1271 2978 Supplicibus
1298 2890 1376 2957 aliis

197 2996 396 3064 rationibus
421 2999 632 3085 compositos
656 3024 732 3066 esse
755 3012 861 3087 atque
885 2999 920 3065 in
939 2999 1062 3066 ceteris
1078 2998 1207 3066 fabulis
1223 3009 1377 3066 statuere

199 3125 395 3189 possumus.
443 3109 484 3171 In
510 3106 736 3195 Supplicibus
760 3101 863 3191 enim,
887 3106 923 3172 id
946 3109 1041 3194 quod
1064 3106 1158 3173 viros
1182 3108 1304 3172 doctos
1320 3107 1378 3171 ad-

199 3211 271 3277 huc
293 3212 428 3298 fugisse
452 3213 600 3297 videtur,
624 3214 866 3281 dochmiorum
890 3225 1082 3300 systemata
1105 3214 1155 3282 ita
1178 3215 1377 3295 decurrunt,

200 3329 242 3384 ut
263 3317 427 3385 licentiae
449 3343 564 3406 neque
588 3320 706 3387 hiatus
730 3344 845 3408 neque
861 3323 1016 3407 syllabae
1039 3319 1202 3408 ancipitis
1226 3341 1377 3405 usquam

197 3423 443 3510 admittantur,
479 3425 634 3518 συνάφεια
667 3450 729 3514 per
763 3439 879 3495 totum
911 3439 1065 3514 systema
1100 3429 1376 3509 observetur120).

198 3531 271 3598 Sed
294 3532 331 3598 in
356 3533 509 3620 Septem,
539 3536 755 3619 Prometheo,
784 3535 924 3602 Orestia
947 3558 1018 3601 non
1044 3537 1159 3601 solum
1182 3545 1263 3622 post
1285 3536 1377 3601 κῶλα

313 3752 366 3828 ¹²⁸)
389 3755 522 3812 Theorie
547 3755 599 3812 der
624 3756 796 3813 musischen
819 3756 937 3814 Kunste
960 3756 1012 3821 ΠΙ,
1036 3757 1065 3819 2.
1089 3756 1162 3816 777.
1188 3754 1260 3815 779.

312 3838 367 3922 ¹²⁹)
392 3843 495 3912 Quare
518 3864 545 3900 v.
561 3843 625 3904 362
650 3845 825 3902 coniectura
840 3845 1017 3913 Hermanni,
1041 3864 1132 3921 quam
1149 3845 1272 3902 Weilius
1288 3862 1379 3902 acce·

200 3930 300 4004 pit:
288 3924 541 4015 ποτιτρόπαιον
568 3926 643 3995 οἶδά
645 3954 740 4012 μενος
763 3919 800 3995 οὗ
828 3938 941 3997 νιενεῖ
974 3926 1160 4039 Ιιεροόόκα
1187 3933 1280 3996 θεῶν
1308 3951 1378 3991 cum

201 4018 316 4076 hiatum
333 4021 453 4089 efficiat,
469 4023 642 4080 reiectanea
660 4032 719 4091 est;
744 4023 774 4080 in
789 4023 824 4080 M
840 4009 1018 4082 traditur
981 4044 1038 4084 οον
1053 4043 1131 4103 περ
1178 4022 1230 4079 Ob
1246 4022 1378 4080 eandem

198 4125 325 4167 causam
354 4130 384 4210 v}
398 4111 460 4170 847
497 4113 657 4169 Schroderi
692 4112 867 4170 coniectura
901 4112 976 4170 falsa
1005 4120 1059 4179 est,
1094 4112 1145 4188 qui
1180 4129 1234 4187 pro
1267 4110 1377 4169 tradito

197 4194 331 4296 αἵμονες
359 4222 405 4274 wc
432 4199 513 4280 ἔνιαι
492 4193 582 4262 ιιδα
609 4189 909 4302 ήοοδοοντιαταπιτοι
937 4202 1056 4276 scripsit
1082 4196 1192 4279 αἶ’,ιιον
1228 4199 1307 4275 ἴσως
1329 4191 1377 4262 ἔνι’

200 4307 275 4364 αμι-
254 4283 319 4348 'do
345 4287 420 4368 <οε>
446 4223 634 4371 unlirdpiro-
639 4277 753 4399 cineri
774 4276 906 4352 οἷπιτέοι.
