3136 4914
677 252 875 320 ..6-

189 467 461 533 Atheniensium
486 467 620 533 mentio
645 467 707 533 liat
732 480 766 533 et
783 470 900 533 fabula
918 469 993 554 ipsa
1010 467 1248 534 laudationem
1266 469 1377 555 Argi-

192 597 313 639 vorum
340 577 503 660 postulet,
529 574 658 640 talibus
687 575 907 660 argumentis
936 575 1039 641 inniti
1070 600 1138 640 11011
1170 598 1376 661 possumus,

192 683 296 763 Quod
321 692 439 747 autem
465 680 714 765 gravissimum
738 694 799 763 est,
829 682 864 746 in
896 681 954 747 illo
979 683 1132 747 carmine
1156 683 1371 768 Supplicum

191 788 336 872 Argivis
360 810 507 853 munera
532 788 627 876 pacis
653 800 834 874 petuntur,
865 790 925 853 sed
954 791 1077 854 foedus
1107 789 1191 854 illud
1221 789 1376 856 Atheni·

191 919 292 960 enses
310 908 344 960 et
361 895 485 980 Argivi
511 896 554 960 ad
578 897 708 960 bellum
735 896 967 963 communiter
989 897 1182 980 gerendum
1200 896 1379 973 inierant·,

191 1005 327 1088 dequo
357 1003 384 1066 si
414 1015 517 1088 poeta
542 1002 779 1088 cogitavisset,
815 1027 884 1068 11011
923 1017 995 1070 tam
1031 1027 1098 1088 pax
1134 1003 1225 1068 alma
1262 1026 1371 1088 quam

191 1110 297 1175 robur
321 1121 356 1175 et
380 1111 457 1174 laus
480 1109 604 1174 bellica
634 1134 652 1173 a
677 1110 731 1174 dis
756 1113 907 1195 petenda
936 1124 1044 1188 erant,
1074 1109 1233 1176 similiter
1261 1123 1375 1197 atque

191 1215 226 1280 in
259 1215 515 1284 Eumenidibus
540 1229 593 1282 est
618 1221 742 1297 11864,
772 1217 830 1283 ubi
857 1230 1040 1303 postquam
1067 1220 1159 1283 bona
1176 1218 1375 1283 Athenien-

192 1323 288 1389 sibus
324 1326 367 1388 ab
402 1322 659 1391 Eumenidibus
695 1325 810 1388 danda
847 1325 1018 1408 exposuit,
1056 1324 1215 1389 Minerva
1251 1324 1372 1409 pergit

407 1471 540 1549 θυραῖος
563 1464 643 1532 ἔστω
667 1469 811 1550 πόλεμος,
836 1471 874 1530 orl
897 1470 986 1550 μόλις
1008 1464 1129 1548 παρὼν,

406 1577 438 1635 ἐν
462 1561 489 1660 ᾧ
512 1599 555 1642 τις
578 1571 660 1638 ἔσται
685 1569 787 1643 δεινὸς
811 1577 952 1645 εὐκλείας
975 1574 1060 1656 ἔρως

236 1682 277 1746 cf.
304 1685 380 1743 918:
404 1676 462 1746 reia
486 1680 540 1744 καὶ
564 1673 646 1759 Ζεῖς
670 1673 687 1743 ὁ
713 1675 905 1768 παγκρατὴς
923 1686 1025 1770 ’Ixione
1047 1708 1080 1746 ra

407 1790 563 1874 φρούριον
586 1789 673 1851 1θεῶν
698 1792 780 1871 νέμει

192 1932 239 1996 At
272 1952 485 2016 quamquam
521 1930 555 1995 in
586 1930 812 2018 Supplicibus
848 1955 908 2017 per
944 1943 1192 2017 argumentum
1230 1932 1371 1997 labulae

192 2037 301 2120 licuit,
326 2060 405 2103 cunr
430 2040 561 2103 bellum
586 2035 800 2123 Argivorum
830 2051 865 2102 et
890 2039 1147 2124 Aegyptiorum
1176 2038 1371 2120 immineat,

192 2156 310 2210 tamen
335 2169 406 2210 non
432 2147 545 2209 solum
572 2145 654 2209 talia
673 2158 754 2211 vota
771 2148 907 2228 desunt,
933 2149 992 2210 sed
1010 2147 1117 2211 etiam
1134 2148 1225 2210 bella
1242 2147 1371 2210 chorus

193 2253 406 2336 deprecatur.

299 2358 393 2423 Tum
409 2359 610 2444 Bergkius⁷l
628 2358 814 2444 Supplices
834 2372 872 2424 ut
893 2373 975 2426 aute
993 2365 1113 2426 Persas
1131 2361 1178 2426 ita
1198 2384 1268 2426 11011
1287 2373 1378 2426 ante·

194 2467 300 2531 0175
318 2466 456 2532 doctam
471 2457 546 2530 esse
560 2464 714 2547 credidit,
732 2488 811 2531 cum
823 2467 909 2533 satis
920 2479 1039 2555 aperte
1052 2468 1206 2554 Argivae
1216 2467 1374 2533 civitatis.

194 2583 434 2638 renascentem
449 2575 626 2638 fortunam
641 2573 840 2657 collaudari,
851 2598 941 2660 quae
954 2588 1033 2662 post
1046 2576 1284 2641 bellademum
1294 2579 1378 2638 Per-

194 2679 266 2745 sica
276 2679 444 2765 pristinas
456 2680 634 2746 videretur
648 2681 739 2746 vires
755 2703 986 2767 recuperasse,
1000 2684 1234 2748 contenderet.
1269 2682 1371 2764 Quae

194 2809 273 2851 cunr
305 2810 348 2851 ex
381 2788 545 2852 carminis
578 2793 642 2853 625
665 2811 707 2854 ss
737 2788 1027 2873 interpretatione
1046 2783 1280 2864 concluserit,
1313 2788 1374 2852 hic

194 2905 342 2959 tractare
371 2896 593 2980 supersedeo,
626 2918 705 2960 cum
739 2895 813 2980 ipse
845 2898 888 2961 de
921 2920 961 2961 eo
990 2896 1143 2961 carmine
1171 2896 1369 2960 criticorum

196 3011 230 3065 et
266 2999 573 3086 interpretatorunr
610 3003 818 3068 commentis
850 3005 1003 3068 multum
1039 3015 1167 3068 uexato
1196 3001 1230 3065 in
1265 3003 1377 3066 corol-

194 3105 283 3172 lario
299 3106 543 3193 disputaturus
567 3108 642 3190 sim,
667 3110 762 3174 unde
780 3109 971 3193 Bergkium
990 3120 1028 3175 ut
1045 3109 1230 3196 Supplices
1247 3108 1378 3192 „Argis

194 3213 280 3300 ipsis
302 3214 476 3300 scriptam,
500 3215 607 3300 Argis
623 3215 845 3281 commissam
863 3221 957 3280 esse“
982 3217 1245 3295 demonstraret,
1267 3238 1372 3298 argu·

193 3322 323 3387 mentis
347 3321 498 3386 infirmis
523 3320 638 3388 nisum
655 3344 733 3388 esse
749 3322 939 3407 apparebit.
987 3321 1142 3387 Omnino
1160 3333 1277 3386 autem
1294 3321 1371 3406 ipsa

195 3450 250 3493 res
273 3430 378 3514 plane
403 3427 616 3496 incredibilis
641 3439 695 3495 est
715 3428 868 3514 Argivos
886 3428 954 3493 iam
972 3427 1136 3512 Aeschyli
1154 3426 1371 3512 temporibus

195 3533 395 3621 tragoedias
420 3535 689 3602 Atheniensium
714 3535 872 3621 proprias
888 3533 1044 3600 imitatos
1068 3557 1157 3616 esse3
1178 3557 1260 3600 nam
1277 3537 1371 3621 quod

190 3653 368 3725 ⁴tyrannus
381 3643 692 3726 Syracusanorum,
710 3653 749 3707 ut
766 3643 867 3707 aulae
885 3664 969 3706 suae
982 3644 1201 3727 splendorem
1217 3655 1383 3728 augeret,

195 3758 275 3814 cum
311 3747 398 3814 alios
433 3761 555 3833 poetas
591 3760 667 3814 tum
700 3747 783 3814 novi
820 3748 959 3833 generis
988 3748 1115 3834 poetici
1143 3751 1372 3839 praecipuum

178 3851 372 3921 'auctorem
402 3855 578 3937 invitavit,
612 3878 667 3921 res
696 3857 802 3940 longe
832 3855 900 3920 alia
929 3869 989 3921 est.
1037 3860 1161 3943 Neque
1197 3859 1269 3923 ullo
1297 3858 1374 3922 iure

196 3961 372 4047 Bergkius
406 3963 448 4027 ad
484 3954 685 4046 opinionem
722 3984 821 4027 suam
858 3961 1105 4030 stabiliendam
1133 3965 1181 4030 rei
1211 3963 1376 4049 publicae

194 4080 408 4091 Μ.

304 4145 329 4220 ⁷)
353 4142 390 4203 In
415 4147 517 4203 libello
547 4147 725 4204 academico
755 4147 944 4223 Friburgensi
973 4148 1055 4207 1857
1084 4171 1113 4223 p.
1131 4147 1159 4206 6.
1206 4148 1287 4202 idem
1315 4145 1374 4202 Lit.

197 4233 311 4290 Gesch.
335 4234 387 4291 111.
411 4234 485 4296 307.
