<?xml version="1.0" encoding="UTF-8"?>
<!DOCTYPE html PUBLIC "-//W3C//DTD XHTML 1.0 Transitional//EN"
    "http://www.w3.org/TR/xhtml1/DTD/xhtml1-transitional.dtd">
<html xmlns="http://www.w3.org/1999/xhtml" xml:lang="en" lang="en">
 <head>
  <title>
</title>
<meta http-equiv="Content-Type" content="text/html;charset=utf-8" />
  <meta name='ocr-system' content='tesseract 3.04.00' />
  <meta name='ocr-capabilities' content='ocr_page ocr_carea ocr_par ocr_line ocrx_word'/>
</head>
<body>
  <div class='ocr_page' id='page_1' title='image "./deaeschylisuppl00mlgoog_0010.png"; bbox 0 0 3136 4914; ppageno 0'>
   <div class='ocr_carea' id='block_1_1' title="bbox 721 232 917 304">
    <p class='ocr_par' dir='ltr' id='par_1_1' title="bbox 721 232 917 304">
     <span class='ocr_line' id='line_1_1' title="bbox 721 232 917 304; baseline 0.01 -24"><span class='ocrx_word' id='word_1_1' title='bbox 721 232 917 304; x_wconf 70' lang='lat'>-.8-</span> 
     </span>
    </p>
   </div>
   <div class='ocr_carea' id='block_1_2' title="bbox 224 438 1407 3854">
    <p class='ocr_par' dir='ltr' id='par_1_2' title="bbox 224 438 1407 3854">
     <span class='ocr_line' id='line_1_2' title="bbox 231 438 1407 532; baseline 0 -20"><span class='ocrx_word' id='word_1_2' title='bbox 231 438 359 531; x_wconf 72' lang='grc' dir='ltr'><strong><em>Ἀργεῖοι</em></strong></span> <span class='ocrx_word' id='word_1_3' title='bbox 384 448 418 511; x_wconf 80' lang='grc' dir='ltr'>δὲ</span> <span class='ocrx_word' id='word_1_4' title='bbox 440 449 564 529; x_wconf 78' lang='grc' dir='ltr'><strong><em>λέγουσι</em></strong></span> <span class='ocrx_word' id='word_1_5' title='bbox 587 447 624 510; x_wconf 85' lang='grc' dir='ltr'>ιὰ</span> <span class='ocrx_word' id='word_1_6' title='bbox 652 450 718 512; x_wconf 68' lang='grc' dir='ltr'>καί</span> <span class='ocrx_word' id='word_1_7' title='bbox 742 449 880 520; x_wconf 78' lang='grc' dir='ltr'><strong><em>ἑωυτοὺς</em></strong></span> <span class='ocrx_word' id='word_1_8' title='bbox 904 452 1049 532; x_wconf 83' lang='grc' dir='ltr'><strong><em>γενέσθαι</em></strong></span> <span class='ocrx_word' id='word_1_9' title='bbox 1072 451 1156 516; x_wconf 81' lang='grc' dir='ltr'><strong><em>ὧδε·</em></strong></span> <span class='ocrx_word' id='word_1_10' title='bbox 1179 501 1304 514; x_wconf 91' lang='grc'><strong>......</strong></span> <span class='ocrx_word' id='word_1_11' title='bbox 1327 450 1407 531; x_wconf 82' lang='grc' dir='ltr'><strong><em>μετὰ</em></strong></span> 
     </span>
     <span class='ocr_line' id='line_1_3' title="bbox 232 543 1407 640; baseline 0.002 -23"><span class='ocrx_word' id='word_1_12' title='bbox 232 554 268 621; x_wconf 76' lang='grc' dir='ltr'>ὑὲ</span> <span class='ocrx_word' id='word_1_13' title='bbox 296 556 342 625; x_wconf 87' lang='grc' dir='ltr'>ὡς</span> <span class='ocrx_word' id='word_1_14' title='bbox 369 553 472 620; x_wconf 79' lang='grc' dir='ltr'><strong><em>έλθεῖν</em></strong></span> <span class='ocrx_word' id='word_1_15' title='bbox 499 554 571 625; x_wconf 86' lang='grc' dir='ltr'>ιοὺς</span> <span class='ocrx_word' id='word_1_16' title='bbox 600 556 750 636; x_wconf 78' lang='grc' dir='ltr'><em>ἀγγέλους</em></span> <span class='ocrx_word' id='word_1_17' title='bbox 778 557 809 625; x_wconf 73' lang='grc' dir='ltr'><strong><em>ε”ς</em></strong></span> <span class='ocrx_word' id='word_1_18' title='bbox 839 556 877 638; x_wconf 77' lang='grc' dir='ltr'>δὴ</span> <span class='ocrx_word' id='word_1_19' title='bbox 906 557 941 619; x_wconf 78' lang='grc' dir='ltr'>τὸ</span> <span class='ocrx_word' id='word_1_20' title='bbox 959 543 1083 640; x_wconf 71' lang='grc' dir='ltr'><strong><em>Ἄργος,</em></strong></span> <span class='ocrx_word' id='word_1_21' title='bbox 1112 557 1254 623; x_wconf 77' lang='grc' dir='ltr'><strong><em>ἐπελθεῖν</em></strong></span> <span class='ocrx_word' id='word_1_22' title='bbox 1288 559 1336 620; x_wconf 81' lang='grc' dir='ltr'><strong><em>ἐπὶ</em></strong></span> <span class='ocrx_word' id='word_1_23' title='bbox 1370 556 1407 619; x_wconf 82' lang='grc' dir='ltr'>τὸ</span> 
     </span>
     <span class='ocr_line' id='line_1_4' title="bbox 231 662 1405 748; baseline 0 -22"><span class='ocrx_word' id='word_1_24' title='bbox 231 663 456 745; x_wconf 77' lang='grc' dir='ltr'><strong><em>βουλευτήριον</em></strong></span> <span class='ocrx_word' id='word_1_25' title='bbox 484 662 536 724; x_wconf 79' lang='grc' dir='ltr'>καὶ</span> <span class='ocrx_word' id='word_1_26' title='bbox 565 662 662 744; x_wconf 74' lang='grc' dir='ltr'><strong><em>λέγειν</em></strong></span> <span class='ocrx_word' id='word_1_27' title='bbox 689 664 725 725; x_wconf 86' lang='grc' dir='ltr'>ιὰ</span> <span class='ocrx_word' id='word_1_28' title='bbox 749 664 958 745; x_wconf 72' lang='grc' dir='ltr'><strong><em>ἐντεταλμένα.</em></strong></span> <span class='ocrx_word' id='word_1_29' title='bbox 986 665 1060 734; x_wconf 83' lang='grc' dir='ltr'><strong><em>τοὺς</em></strong></span> <span class='ocrx_word' id='word_1_30' title='bbox 1088 665 1123 728; x_wconf 78' lang='grc' dir='ltr'>δὲ</span> <span class='ocrx_word' id='word_1_31' title='bbox 1149 665 1231 748; x_wconf 87' lang='grc' dir='ltr'><strong><em>πρὸς</em></strong></span> <span class='ocrx_word' id='word_1_32' title='bbox 1252 664 1290 727; x_wconf 85' lang='grc' dir='ltr'>τὰ</span> <span class='ocrx_word' id='word_1_33' title='bbox 1317 665 1405 744; x_wconf 82' lang='grc' dir='ltr'><strong><em>λεγό-</em></strong></span> 
     </span>
     <span class='ocr_line' id='line_1_5' title="bbox 229 763 1405 853; baseline 0 -20"><span class='ocrx_word' id='word_1_34' title='bbox 229 793 309 850; x_wconf 88' lang='grc' dir='ltr'><strong><em>μενα</em></strong></span> <span class='ocrx_word' id='word_1_35' title='bbox 333 771 571 850; x_wconf 68' lang='grc' dir='ltr'><strong><em>ὑποκρίνασθαι</em></strong></span> <span class='ocrx_word' id='word_1_36' title='bbox 598 770 644 839; x_wconf 86' lang='grc' dir='ltr'>ιὺς</span> <span class='ocrx_word' id='word_1_37' title='bbox 667 771 786 852; x_wconf 82' lang='grc' dir='ltr'><strong><em>ἕιοηιοί</em></strong></span> <span class='ocrx_word' id='word_1_38' title='bbox 810 773 866 833; x_wconf 86' lang='grc' dir='ltr'><strong><em>εἶσι</em></strong></span> <span class='ocrx_word' id='word_1_39' title='bbox 890 763 1019 853; x_wconf 80' lang='grc' dir='ltr'><strong><em>Ἀργεῖοι</em></strong></span> <span class='ocrx_word' id='word_1_40' title='bbox 1041 774 1155 836; x_wconf 89' lang='grc' dir='ltr'><strong><em>ποιέειν</em></strong></span> <span class='ocrx_word' id='word_1_41' title='bbox 1177 778 1273 834; x_wconf 86' lang='grc' dir='ltr'>ταὺια</span> <span class='ocrx_word' id='word_1_42' title='bbox 1294 797 1322 835; x_wconf 89' lang='grc' dir='ltr'>κ.</span> <span class='ocrx_word' id='word_1_43' title='bbox 1339 796 1362 833; x_wconf 87' lang='grc' dir='ltr'>ι.</span> <span class='ocrx_word' id='word_1_44' title='bbox 1379 772 1405 833; x_wconf 76' lang='grc' dir='ltr'>λ.</span> 
     </span>
     <span class='ocr_line' id='line_1_6' title="bbox 234 877 1404 960; baseline 0.002 -22"><span class='ocrx_word' id='word_1_45' title='bbox 234 878 303 940; x_wconf 87' lang='grc'>149.</span> <span class='ocrx_word' id='word_1_46' title='bbox 327 882 422 940; x_wconf 77' lang='grc' dir='ltr'><strong><em>ταῦτα</em></strong></span> <span class='ocrx_word' id='word_1_47' title='bbox 438 877 496 957; x_wconf 83' lang='grc' dir='ltr'>μὲν</span> <span class='ocrx_word' id='word_1_48' title='bbox 512 877 638 958; x_wconf 78' lang='grc' dir='ltr'><strong><em>λέγουσι</em></strong></span> <span class='ocrx_word' id='word_1_49' title='bbox 654 878 717 958; x_wconf 80' lang='grc' dir='ltr'>τὴν</span> <span class='ocrx_word' id='word_1_50' title='bbox 732 879 874 958; x_wconf 72' lang='grc' dir='ltr'><strong><em>βουλὴν</em></strong></span> <span class='ocrx_word' id='word_1_51' title='bbox 894 879 1138 958; x_wconf 72' lang='grc' dir='ltr'><strong><em>ὑποκρίνασθαι,</em></strong></span> <span class='ocrx_word' id='word_1_52' title='bbox 1154 880 1267 960; x_wconf 88' lang='grc' dir='ltr'><strong><em>καίπερ</em></strong></span> <span class='ocrx_word' id='word_1_53' title='bbox 1283 879 1404 958; x_wconf 83' lang='grc' dir='ltr'><strong><em>ἀπαγο-</em></strong></span> 
     </span>
     <span class='ocr_line' id='line_1_7' title="bbox 229 984 1406 1067; baseline 0.001 -21"><span class='ocrx_word' id='word_1_54' title='bbox 229 984 377 1064; x_wconf 79' lang='grc' dir='ltr'><strong><em>ρεύοντός</em></strong></span> <span class='ocrx_word' id='word_1_55' title='bbox 415 1005 470 1064; x_wconf 80' lang='grc' dir='ltr'>σφι</span> <span class='ocrx_word' id='word_1_56' title='bbox 509 991 564 1047; x_wconf 85' lang='grc' dir='ltr'><strong><em>τοὺ</em></strong></span> <span class='ocrx_word' id='word_1_57' title='bbox 603 986 794 1066; x_wconf 81' lang='grc' dir='ltr'><strong><em>χρηστηρίαν</em></strong></span> <span class='ocrx_word' id='word_1_58' title='bbox 832 985 876 1067; x_wconf 75' lang='grc' dir='ltr'>μί)</span> <span class='ocrx_word' id='word_1_59' title='bbox 916 986 1078 1049; x_wconf 87' lang='grc' dir='ltr'><strong><em>ποιέεσθαι</em></strong></span> <span class='ocrx_word' id='word_1_60' title='bbox 1117 987 1173 1066; x_wconf 77' lang='grc' dir='ltr'>τὴν</span> <span class='ocrx_word' id='word_1_61' title='bbox 1210 986 1292 1067; x_wconf 87' lang='grc' dir='ltr'><strong><em>πρὸς</em></strong></span> <span class='ocrx_word' id='word_1_62' title='bbox 1333 986 1406 1053; x_wconf 84' lang='grc' dir='ltr'><strong><em>τοὺς</em></strong></span> 
     </span>
     <span class='ocr_line' id='line_1_8' title="bbox 224 1087 1406 1175; baseline 0 -21"><span class='ocrx_word' id='word_1_63' title='bbox 224 1090 375 1171; x_wconf 72' lang='grc' dir='ltr'><strong><em>Ἕλληνας</em></strong></span> <span class='ocrx_word' id='word_1_64' title='bbox 411 1093 601 1173; x_wconf 85' lang='grc' dir='ltr'><strong><em>συμμαχίην.</em></strong></span> <span class='ocrx_word' id='word_1_65' title='bbox 653 1087 791 1156; x_wconf 83' lang='lat' dir='ltr'>Deinde</span> <span class='ocrx_word' id='word_1_66' title='bbox 820 1090 951 1175; x_wconf 83' lang='lat' dir='ltr'>pergit:</span> <span class='ocrx_word' id='word_1_67' title='bbox 986 1099 1050 1156; x_wconf 82' lang='grc' dir='ltr'>τῶν</span> <span class='ocrx_word' id='word_1_68' title='bbox 1086 1093 1120 1155; x_wconf 81' lang='grc' dir='ltr'>ὑὲ</span> <span class='ocrx_word' id='word_1_69' title='bbox 1159 1093 1299 1174; x_wconf 77' lang='grc' dir='ltr'><strong><em>ἀγγέλων</em></strong></span> <span class='ocrx_word' id='word_1_70' title='bbox 1332 1093 1406 1162; x_wconf 80' lang='grc' dir='ltr'><strong><em>τοὺς</em></strong></span> 
     </span>
     <span class='ocr_line' id='line_1_9' title="bbox 230 1193 1405 1284; baseline 0.003 -26"><span class='ocrx_word' id='word_1_71' title='bbox 230 1196 294 1259; x_wconf 88' lang='grc' dir='ltr'><strong><em>ἀπὸ</em></strong></span> <span class='ocrx_word' id='word_1_72' title='bbox 317 1204 370 1278; x_wconf 82' lang='grc' dir='ltr'>τῆς</span> <span class='ocrx_word' id='word_1_73' title='bbox 393 1193 545 1279; x_wconf 79' lang='grc' dir='ltr'><strong><em>Σπάρτης</em></strong></span> <span class='ocrx_word' id='word_1_74' title='bbox 567 1199 649 1279; x_wconf 88' lang='grc' dir='ltr'><strong><em>πρὸς</em></strong></span> <span class='ocrx_word' id='word_1_75' title='bbox 670 1199 707 1261; x_wconf 86' lang='grc' dir='ltr'>τὰ</span> <span class='ocrx_word' id='word_1_76' title='bbox 731 1199 867 1284; x_wconf 80' lang='grc' dir='ltr'><strong><em>ῥηθέντα</em></strong></span> <span class='ocrx_word' id='word_1_77' title='bbox 890 1199 929 1261; x_wconf 81' lang='grc' dir='ltr'>έκ</span> <span class='ocrx_word' id='word_1_78' title='bbox 953 1207 1015 1281; x_wconf 85' lang='grc' dir='ltr'>τῆς</span> <span class='ocrx_word' id='word_1_79' title='bbox 1042 1200 1184 1282; x_wconf 78' lang='grc' dir='ltr'><strong><em>βουλῆς</em></strong></span> <span class='ocrx_word' id='word_1_80' title='bbox 1205 1201 1405 1280; x_wconf 81' lang='grc' dir='ltr'><strong><em>ἀμείψασθαι</em></strong></span> 
     </span>
     <span class='ocr_line' id='line_1_10' title="bbox 229 1304 1405 1388; baseline 0.005 -25"><span class='ocrx_word' id='word_1_81' title='bbox 229 1304 350 1376; x_wconf 80' lang='grc' dir='ltr'><strong><em>τοιοίδε,</em></strong></span> <span class='ocrx_word' id='word_1_82' title='bbox 378 1305 448 1386; x_wconf 84' lang='grc' dir='ltr'><strong><em>περὶ</em></strong></span> <span class='ocrx_word' id='word_1_83' title='bbox 475 1306 534 1386; x_wconf 82' lang='grc' dir='ltr'>μὲν</span> <span class='ocrx_word' id='word_1_84' title='bbox 562 1305 729 1370; x_wconf 81' lang='grc' dir='ltr'><strong><em>σπονδέων</em></strong></span> <span class='ocrx_word' id='word_1_85' title='bbox 758 1307 894 1370; x_wconf 87' lang='grc' dir='ltr'><strong><em>ἀνοίσειν</em></strong></span> <span class='ocrx_word' id='word_1_86' title='bbox 922 1308 953 1376; x_wconf 81' lang='grc' dir='ltr'>ἒς</span> <span class='ocrx_word' id='word_1_87' title='bbox 985 1307 1057 1376; x_wconf 79' lang='grc' dir='ltr'><strong><em>τοὺς</em></strong></span> <span class='ocrx_word' id='word_1_88' title='bbox 1087 1308 1229 1379; x_wconf 79' lang='grc' dir='ltr'><strong><em>πλεῦνας,</em></strong></span> <span class='ocrx_word' id='word_1_89' title='bbox 1264 1308 1334 1388; x_wconf 85' lang='grc' dir='ltr'><strong><em>περὶ</em></strong></span> <span class='ocrx_word' id='word_1_90' title='bbox 1369 1307 1405 1369; x_wconf 75' lang='grc' dir='ltr'>δὲ</span> 
     </span>
     <span class='ocr_line' id='line_1_11' title="bbox 229 1411 1405 1499; baseline 0.003 -27"><span class='ocrx_word' id='word_1_91' title='bbox 229 1413 396 1494; x_wconf 80' lang='grc' dir='ltr'><strong><em>ἡγεμονίης</em></strong></span> <span class='ocrx_word' id='word_1_92' title='bbox 426 1413 545 1476; x_wconf 83' lang='grc' dir='ltr'><strong><em>αὑτοῖσι</em></strong></span> <span class='ocrx_word' id='word_1_93' title='bbox 569 1413 745 1476; x_wconf 78' lang='grc' dir='ltr'><strong><em>ἕνιειάλθαι</em></strong></span> <span class='ocrx_word' id='word_1_94' title='bbox 773 1414 1016 1494; x_wconf 80' lang='grc' dir='ltr'><strong><em>ὑποκρίνασθαι,</em></strong></span> <span class='ocrx_word' id='word_1_95' title='bbox 1044 1411 1101 1479; x_wconf 81' lang='grc' dir='ltr'>καί</span> <span class='ocrx_word' id='word_1_96' title='bbox 1130 1413 1168 1495; x_wconf 66' lang='grc' dir='ltr'>δι’)</span> <span class='ocrx_word' id='word_1_97' title='bbox 1193 1414 1290 1499; x_wconf 79' lang='grc' dir='ltr'><strong><em>λέγειν</em></strong></span> <span class='ocrx_word' id='word_1_98' title='bbox 1314 1416 1405 1495; x_wconf 79' lang='grc' dir='ltr'><strong><em>σςοίσι</em></strong></span> 
     </span>
     <span class='ocr_line' id='line_1_12' title="bbox 229 1510 1405 1605; baseline 0.003 -25"><span class='ocrx_word' id='word_1_99' title='bbox 229 1519 288 1598; x_wconf 81' lang='grc' dir='ltr'>μὲν</span> <span class='ocrx_word' id='word_1_100' title='bbox 311 1519 385 1581; x_wconf 84' lang='grc' dir='ltr'><strong><em>εἶναι</em></strong></span> <span class='ocrx_word' id='word_1_101' title='bbox 412 1520 470 1582; x_wconf 79' lang='grc' dir='ltr'>δύο</span> <span class='ocrx_word' id='word_1_102' title='bbox 493 1520 649 1600; x_wconf 79' lang='grc' dir='ltr'><strong><em>βασιλέας,</em></strong></span> <span class='ocrx_word' id='word_1_103' title='bbox 674 1510 830 1605; x_wconf 78' lang='grc' dir='ltr'><strong><em>Ἀργείοισι</em></strong></span> <span class='ocrx_word' id='word_1_104' title='bbox 855 1520 889 1582; x_wconf 80' lang='grc' dir='ltr'>δὲ</span> <span class='ocrx_word' id='word_1_105' title='bbox 912 1522 990 1583; x_wconf 81' lang='grc' dir='ltr'><strong><em>ἕνα·</em></strong></span> <span class='ocrx_word' id='word_1_106' title='bbox 1015 1523 1074 1585; x_wconf 87' lang='grc' dir='ltr'>οὑκ</span> <span class='ocrx_word' id='word_1_107' title='bbox 1099 1520 1146 1584; x_wconf 83' lang='grc' dir='ltr'>ιῖιν</span> <span class='ocrx_word' id='word_1_108' title='bbox 1170 1521 1305 1584; x_wconf 77' lang='grc' dir='ltr'><strong><em>δυνατὸν</em></strong></span> <span class='ocrx_word' id='word_1_109' title='bbox 1328 1522 1405 1584; x_wconf 77' lang='grc' dir='ltr'><strong><em>εἶναι</em></strong></span> 
     </span>
     <span class='ocr_line' id='line_1_13' title="bbox 229 1625 1404 1712; baseline 0.003 -27"><span class='ocrx_word' id='word_1_110' title='bbox 229 1631 293 1688; x_wconf 81' lang='grc' dir='ltr'>τῶν</span> <span class='ocrx_word' id='word_1_111' title='bbox 323 1627 358 1687; x_wconf 80' lang='grc' dir='ltr'>ἐκ</span> <span class='ocrx_word' id='word_1_112' title='bbox 382 1625 532 1709; x_wconf 79' lang='grc' dir='ltr'><strong><em>Σπάρτης</em></strong></span> <span class='ocrx_word' id='word_1_113' title='bbox 556 1626 718 1712; x_wconf 81' lang='grc' dir='ltr'><strong><em>οὐθέτερον</em></strong></span> <span class='ocrx_word' id='word_1_114' title='bbox 745 1633 865 1693; x_wconf 83' lang='grc' dir='ltr'><strong><em>παῦσαι</em></strong></span> <span class='ocrx_word' id='word_1_115' title='bbox 892 1634 946 1710; x_wconf 80' lang='grc' dir='ltr'>τῆς</span> <span class='ocrx_word' id='word_1_116' title='bbox 974 1629 1149 1710; x_wconf 78' lang='grc' dir='ltr'><strong><em>ἡγεμονίης,</em></strong></span> <span class='ocrx_word' id='word_1_117' title='bbox 1177 1629 1254 1708; x_wconf 81' lang='grc' dir='ltr'><strong><em>μετὰ</em></strong></span> <span class='ocrx_word' id='word_1_118' title='bbox 1287 1628 1321 1690; x_wconf 80' lang='grc' dir='ltr'>δὲ</span> <span class='ocrx_word' id='word_1_119' title='bbox 1344 1629 1404 1689; x_wconf 65' lang='lat' dir='ltr'>«too</span> 
     </span>
     <span class='ocr_line' id='line_1_14' title="bbox 228 1730 1403 1818; baseline 0.003 -24"><span class='ocrx_word' id='word_1_120' title='bbox 228 1739 292 1795; x_wconf 81' lang='grc' dir='ltr'>τῶν</span> <span class='ocrx_word' id='word_1_121' title='bbox 330 1734 492 1818; x_wconf 75' lang='grc' dir='ltr'><strong><em>σφετέρων</em></strong></span> <span class='ocrx_word' id='word_1_122' title='bbox 531 1730 708 1816; x_wconf 77' lang='grc' dir='ltr'><strong><em>ὁμόψηφον</em></strong></span> <span class='ocrx_word' id='word_1_123' title='bbox 745 1735 799 1796; x_wconf 80' lang='grc' dir='ltr'>τὸν</span> <span class='ocrx_word' id='word_1_124' title='bbox 837 1736 980 1817; x_wconf 78' lang='grc' dir='ltr'><strong><em>Ἀργεῖον</em></strong></span> <span class='ocrx_word' id='word_1_125' title='bbox 1019 1736 1094 1798; x_wconf 82' lang='grc' dir='ltr'><strong><em>εἶναι</em></strong></span> <span class='ocrx_word' id='word_1_126' title='bbox 1128 1735 1262 1798; x_wconf 75' lang='grc' dir='ltr'><strong><em>κιοίὺειν</em></strong></span> <span class='ocrx_word' id='word_1_127' title='bbox 1301 1737 1403 1799; x_wconf 79' lang='grc' dir='ltr'><strong><em>οὐδέν.</em></strong></span> 
     </span>
     <span class='ocr_line' id='line_1_15' title="bbox 231 1836 1403 1920; baseline 0.004 -19"><span class='ocrx_word' id='word_1_128' title='bbox 231 1836 301 1920; x_wconf 83' lang='lat' dir='ltr'>Qui</span> <span class='ocrx_word' id='word_1_129' title='bbox 326 1839 431 1919; x_wconf 76' lang='lat' dir='ltr'>locuS,</span> <span class='ocrx_word' id='word_1_130' title='bbox 460 1838 520 1904; x_wconf 90' lang='lat' dir='ltr'>ubi</span> <span class='ocrx_word' id='word_1_131' title='bbox 545 1839 589 1904; x_wconf 88' lang='lat' dir='ltr'>de</span> <span class='ocrx_word' id='word_1_132' title='bbox 612 1839 750 1905; x_wconf 82' lang='lat' dir='ltr'>foedere</span> <span class='ocrx_word' id='word_1_133' title='bbox 775 1862 869 1905; x_wconf 88' lang='lat' dir='ltr'>anno</span> <span class='ocrx_word' id='word_1_134' title='bbox 894 1845 958 1905; x_wconf 83' lang='lat'>480</span> <span class='ocrx_word' id='word_1_135' title='bbox 995 1862 1073 1905; x_wconf 89' lang='lat' dir='ltr'>cum</span> <span class='ocrx_word' id='word_1_136' title='bbox 1100 1839 1213 1905; x_wconf 86' lang='lat' dir='ltr'>Persis</span> <span class='ocrx_word' id='word_1_137' title='bbox 1242 1839 1403 1906; x_wconf 79' lang='lat' dir='ltr'>faciendo</span> 
     </span>
     <span class='ocr_line' id='line_1_16' title="bbox 229 1943 1404 2034; baseline 0.003 -25"><span class='ocrx_word' id='word_1_138' title='bbox 229 1943 356 2030; x_wconf 80' lang='lat' dir='ltr'>agitur,</span> <span class='ocrx_word' id='word_1_139' title='bbox 381 1945 507 2011; x_wconf 90' lang='lat' dir='ltr'>summi</span> <span class='ocrx_word' id='word_1_140' title='bbox 533 1944 703 2012; x_wconf 81' lang='lat' dir='ltr'>momenti</span> <span class='ocrx_word' id='word_1_141' title='bbox 728 1958 789 2030; x_wconf 79' lang='lat' dir='ltr'>est,</span> <span class='ocrx_word' id='word_1_142' title='bbox 814 1948 906 2033; x_wconf 92' lang='lat' dir='ltr'>quod</span> <span class='ocrx_word' id='word_1_143' title='bbox 925 1948 1128 2014; x_wconf 85' lang='lat' dir='ltr'>Herodotus</span> <span class='ocrx_word' id='word_1_144' title='bbox 1152 1970 1193 2012; x_wconf 88' lang='lat' dir='ltr'>ea</span> <span class='ocrx_word' id='word_1_145' title='bbox 1218 1970 1306 2034; x_wconf 88' lang='lat' dir='ltr'>quae</span> <span class='ocrx_word' id='word_1_146' title='bbox 1327 1971 1404 2013; x_wconf 88' lang='lat' dir='ltr'>nar-</span> 
     </span>
     <span class='ocr_line' id='line_1_17' title="bbox 229 2053 1404 2141; baseline 0.003 -26"><span class='ocrx_word' id='word_1_147' title='bbox 229 2065 289 2133; x_wconf 88' lang='lat' dir='ltr'>ret,</span> <span class='ocrx_word' id='word_1_148' title='bbox 314 2054 358 2118; x_wconf 95' lang='lat' dir='ltr'>ab</span> <span class='ocrx_word' id='word_1_149' title='bbox 382 2053 526 2138; x_wconf 83' lang='lat' dir='ltr'>Argivis</span> <span class='ocrx_word' id='word_1_150' title='bbox 550 2053 636 2140; x_wconf 87' lang='lat' dir='ltr'>ipsis</span> <span class='ocrx_word' id='word_1_151' title='bbox 661 2053 751 2119; x_wconf 88' lang='lat' dir='ltr'>tradi</span> <span class='ocrx_word' id='word_1_152' title='bbox 776 2056 981 2141; x_wconf 58' lang='lat' dir='ltr'>testatum).</span> <span class='ocrx_word' id='word_1_153' title='bbox 1028 2056 1144 2141; x_wconf 85' lang='lat' dir='ltr'><strong>Atque</strong></span> <span class='ocrx_word' id='word_1_154' title='bbox 1174 2054 1404 2121; x_wconf 88' lang='lat' dir='ltr'>haecomnia</span> 
     </span>
     <span class='ocr_line' id='line_1_18' title="bbox 229 2158 1400 2247; baseline 0.003 -24"><span class='ocrx_word' id='word_1_155' title='bbox 229 2158 278 2224; x_wconf 89' lang='lat' dir='ltr'>ita</span> <span class='ocrx_word' id='word_1_156' title='bbox 302 2173 504 2245; x_wconf 90' lang='lat' dir='ltr'>comparata</span> <span class='ocrx_word' id='word_1_157' title='bbox 521 2173 613 2243; x_wconf 86' lang='lat' dir='ltr'>sunt,</span> <span class='ocrx_word' id='word_1_158' title='bbox 639 2174 678 2226; x_wconf 87' lang='lat' dir='ltr'>ut</span> <span class='ocrx_word' id='word_1_159' title='bbox 702 2163 746 2226; x_wconf 92' lang='lat' dir='ltr'>de</span> <span class='ocrx_word' id='word_1_160' title='bbox 760 2161 881 2247; x_wconf 87' lang='lat' dir='ltr'>populi</span> <span class='ocrx_word' id='word_1_161' title='bbox 899 2160 1140 2228; x_wconf 83' lang='lat' dir='ltr'>dominatione</span> <span class='ocrx_word' id='word_1_162' title='bbox 1157 2161 1305 2247; x_wconf 82' lang='lat' dir='ltr'>cogitari</span> <span class='ocrx_word' id='word_1_163' title='bbox 1330 2184 1400 2226; x_wconf 92' lang='lat' dir='ltr'>non</span> 
     </span>
     <span class='ocr_line' id='line_1_19' title="bbox 227 2265 1402 2356; baseline 0.001 -25"><span class='ocrx_word' id='word_1_164' title='bbox 227 2265 351 2350; x_wconf 81' lang='lat' dir='ltr'>possit3</span> <span class='ocrx_word' id='word_1_165' title='bbox 377 2265 535 2332; x_wconf 92' lang='lat' dir='ltr'>onmium</span> <span class='ocrx_word' id='word_1_166' title='bbox 552 2289 667 2332; x_wconf 87' lang='lat' dir='ltr'>rerum</span> <span class='ocrx_word' id='word_1_167' title='bbox 692 2279 904 2354; x_wconf 89' lang='lat' dir='ltr'>potestatem</span> <span class='ocrx_word' id='word_1_168' title='bbox 928 2266 1089 2333; x_wconf 84' lang='lat' dir='ltr'>videmus</span> <span class='ocrx_word' id='word_1_169' title='bbox 1113 2291 1222 2356; x_wconf 88' lang='lat' dir='ltr'>penes</span> <span class='ocrx_word' id='word_1_170' title='bbox 1239 2282 1402 2335; x_wconf 89' lang='lat' dir='ltr'>senatum</span> 
     </span>
     <span class='ocr_line' id='line_1_20' title="bbox 229 2371 1403 2462; baseline 0.002 -24"><span class='ocrx_word' id='word_1_171' title='bbox 229 2395 316 2455; x_wconf 83' lang='lat' dir='ltr'>esse3</span> <span class='ocrx_word' id='word_1_172' title='bbox 333 2385 455 2440; x_wconf 86' lang='lat' dir='ltr'>contra</span> <span class='ocrx_word' id='word_1_173' title='bbox 472 2371 508 2440; x_wconf 91' lang='lat' dir='ltr'>in</span> <span class='ocrx_word' id='word_1_174' title='bbox 525 2373 753 2461; x_wconf 85' lang='lat' dir='ltr'>Supplicibus</span> <span class='ocrx_word' id='word_1_175' title='bbox 769 2388 913 2442; x_wconf 86' lang='lat' dir='ltr'>senatus</span> <span class='ocrx_word' id='word_1_176' title='bbox 930 2398 975 2441; x_wconf 88' lang='lat' dir='ltr'>ne</span> <span class='ocrx_word' id='word_1_177' title='bbox 991 2378 1098 2441; x_wconf 86' lang='lat' dir='ltr'>verbo</span> <span class='ocrx_word' id='word_1_178' title='bbox 1111 2375 1253 2462; x_wconf 86' lang='lat' dir='ltr'>quidem</span> <span class='ocrx_word' id='word_1_179' title='bbox 1268 2376 1403 2441; x_wconf 87' lang='lat' dir='ltr'>mentio</span> 
     </span>
     <span class='ocr_line' id='line_1_21' title="bbox 228 2479 1403 2570; baseline 0.003 -27"><span class='ocrx_word' id='word_1_180' title='bbox 228 2479 277 2545; x_wconf 81' lang='lat' dir='ltr'>fit.</span> <span class='ocrx_word' id='word_1_181' title='bbox 325 2480 362 2547; x_wconf 88' lang='lat' dir='ltr'>Si</span> <span class='ocrx_word' id='word_1_182' title='bbox 387 2481 508 2568; x_wconf 90' lang='lat' dir='ltr'>populi</span> <span class='ocrx_word' id='word_1_183' title='bbox 533 2481 728 2548; x_wconf 85' lang='lat' dir='ltr'>dominatio</span> <span class='ocrx_word' id='word_1_184' title='bbox 752 2479 858 2567; x_wconf 86' lang='lat' dir='ltr'>Argis</span> <span class='ocrx_word' id='word_1_185' title='bbox 886 2493 987 2565; x_wconf 87' lang='lat' dir='ltr'>esset,</span> <span class='ocrx_word' id='word_1_186' title='bbox 1012 2481 1133 2570; x_wconf 88' lang='lat' dir='ltr'>populi</span> <span class='ocrx_word' id='word_1_187' title='bbox 1162 2505 1232 2548; x_wconf 95' lang='lat' dir='ltr'>non</span> <span class='ocrx_word' id='word_1_188' title='bbox 1258 2495 1403 2549; x_wconf 88' lang='lat' dir='ltr'>senatus</span> 
     </span>
     <span class='ocr_line' id='line_1_22' title="bbox 229 2587 1401 2674; baseline 0.002 -24"><span class='ocrx_word' id='word_1_189' title='bbox 229 2597 321 2654; x_wconf 88' lang='lat' dir='ltr'>esset</span> <span class='ocrx_word' id='word_1_190' title='bbox 349 2588 547 2674; x_wconf 86' lang='lat' dir='ltr'>legatorum</span> <span class='ocrx_word' id='word_1_191' title='bbox 578 2587 755 2655; x_wconf 89' lang='lat' dir='ltr'>orationes</span> <span class='ocrx_word' id='word_1_192' title='bbox 784 2588 905 2656; x_wconf 91' lang='lat' dir='ltr'>audire</span> <span class='ocrx_word' id='word_1_193' title='bbox 933 2603 969 2656; x_wconf 90' lang='lat' dir='ltr'>et</span> <span class='ocrx_word' id='word_1_194' title='bbox 1001 2591 1044 2655; x_wconf 90' lang='lat' dir='ltr'>de</span> <span class='ocrx_word' id='word_1_195' title='bbox 1073 2591 1211 2655; x_wconf 81' lang='lat' dir='ltr'>foedere</span> <span class='ocrx_word' id='word_1_196' title='bbox 1242 2588 1401 2655; x_wconf 81' lang='lat' dir='ltr'>faciendo</span> 
     </span>
     <span class='ocr_line' id='line_1_23' title="bbox 229 2693 1402 2785; baseline 0 -25"><span class='ocrx_word' id='word_1_197' title='bbox 229 2717 307 2760; x_wconf 89' lang='lat' dir='ltr'>eum</span> <span class='ocrx_word' id='word_1_198' title='bbox 336 2695 387 2761; x_wconf 90' lang='lat' dir='ltr'>eis</span> <span class='ocrx_word' id='word_1_199' title='bbox 416 2719 529 2782; x_wconf 83' lang='lat' dir='ltr'>agere,</span> <span class='ocrx_word' id='word_1_200' title='bbox 559 2709 598 2762; x_wconf 90' lang='lat' dir='ltr'>ut</span> <span class='ocrx_word' id='word_1_201' title='bbox 627 2697 662 2763; x_wconf 92' lang='lat' dir='ltr'>in</span> <span class='ocrx_word' id='word_1_202' title='bbox 692 2695 919 2785; x_wconf 86' lang='lat' dir='ltr'>Supplicibus</span> <span class='ocrx_word' id='word_1_203' title='bbox 948 2709 1008 2764; x_wconf 86' lang='lat' dir='ltr'>est</span> <span class='ocrx_word' id='word_1_204' title='bbox 1060 2699 1185 2782; x_wconf 86' lang='lat' dir='ltr'>Neque</span> <span class='ocrx_word' id='word_1_205' title='bbox 1212 2693 1402 2761; x_wconf 88' lang='lat' dir='ltr'>verisimile</span> 
     </span>
     <span class='ocr_line' id='line_1_24' title="bbox 229 2802 1403 2892; baseline 0 -24"><span class='ocrx_word' id='word_1_206' title='bbox 229 2815 282 2870; x_wconf 85' lang='lat' dir='ltr'>est</span> <span class='ocrx_word' id='word_1_207' title='bbox 304 2803 340 2868; x_wconf 88' lang='lat' dir='ltr'>in</span> <span class='ocrx_word' id='word_1_208' title='bbox 366 2802 422 2869; x_wconf 88' lang='lat' dir='ltr'>his</span> <span class='ocrx_word' id='word_1_209' title='bbox 438 2805 542 2869; x_wconf 86' lang='lat' dir='ltr'>rebus</span> <span class='ocrx_word' id='word_1_210' title='bbox 559 2803 724 2890; x_wconf 83' lang='lat' dir='ltr'>gerendis</span> <span class='ocrx_word' id='word_1_211' title='bbox 739 2816 856 2892; x_wconf 88' lang='lat' dir='ltr'>partes</span> <span class='ocrx_word' id='word_1_212' title='bbox 873 2804 993 2890; x_wconf 92' lang='lat' dir='ltr'>populi</span> <span class='ocrx_word' id='word_1_213' title='bbox 1011 2803 1040 2868; x_wconf 85' lang='lat' dir='ltr'>si</span> <span class='ocrx_word' id='word_1_214' title='bbox 1053 2804 1146 2869; x_wconf 89' lang='lat' dir='ltr'>ullae</span> <span class='ocrx_word' id='word_1_215' title='bbox 1158 2802 1317 2885; x_wconf 79' lang='lat' dir='ltr'>fuissent,</span> <span class='ocrx_word' id='word_1_216' title='bbox 1341 2814 1403 2868; x_wconf 92' lang='lat' dir='ltr'>aut</span> 
     </span>
     <span class='ocr_line' id='line_1_25' title="bbox 228 2906 1402 2995; baseline -0.001 -21"><span class='ocrx_word' id='word_1_217' title='bbox 228 2906 383 2995; x_wconf 79' lang='lat' dir='ltr'>Argivos</span> <span class='ocrx_word' id='word_1_218' title='bbox 407 2924 469 2976; x_wconf 91' lang='lat' dir='ltr'>aut</span> <span class='ocrx_word' id='word_1_219' title='bbox 486 2911 709 2978; x_wconf 86' lang='lat' dir='ltr'>Herodotum</span> <span class='ocrx_word' id='word_1_220' title='bbox 732 2934 793 2976; x_wconf 91' lang='lat' dir='ltr'>eos</span> <span class='ocrx_word' id='word_1_221' title='bbox 818 2923 977 2980; x_wconf 88' lang='lat' dir='ltr'>secutum</span> <span class='ocrx_word' id='word_1_222' title='bbox 1002 2911 1038 2977; x_wconf 93' lang='lat' dir='ltr'>in</span> <span class='ocrx_word' id='word_1_223' title='bbox 1064 2913 1240 2978; x_wconf 85' lang='lat' dir='ltr'>narrando</span> <span class='ocrx_word' id='word_1_224' title='bbox 1264 2911 1402 2995; x_wconf 85' lang='lat' dir='ltr'>neglec-</span> 
     </span>
     <span class='ocr_line' id='line_1_26' title="bbox 229 3016 1402 3103; baseline -0.002 -21"><span class='ocrx_word' id='word_1_225' title='bbox 229 3028 326 3082; x_wconf 84' lang='lat' dir='ltr'>turos</span> <span class='ocrx_word' id='word_1_226' title='bbox 354 3016 469 3083; x_wconf 80' lang='lat' dir='ltr'>fuisse.</span> <span class='ocrx_word' id='word_1_227' title='bbox 527 3022 652 3103; x_wconf 85' lang='lat' dir='ltr'>Longe</span> <span class='ocrx_word' id='word_1_228' title='bbox 680 3016 781 3084; x_wconf 88' lang='lat' dir='ltr'>aliter</span> <span class='ocrx_word' id='word_1_229' title='bbox 809 3040 863 3083; x_wconf 89' lang='lat' dir='ltr'>res</span> <span class='ocrx_word' id='word_1_230' title='bbox 893 3030 968 3083; x_wconf 90' lang='lat' dir='ltr'>tum</span> <span class='ocrx_word' id='word_1_231' title='bbox 997 3029 1178 3103; x_wconf 84' lang='lat' dir='ltr'>geruntur,</span> <span class='ocrx_word' id='word_1_232' title='bbox 1212 3039 1290 3083; x_wconf 86' lang='lat' dir='ltr'>cum</span> <span class='ocrx_word' id='word_1_233' title='bbox 1320 3038 1402 3082; x_wconf 83' lang='lat' dir='ltr'>vera</span> 
     </span>
     <span class='ocr_line' id='line_1_27' title="bbox 228 3122 1403 3212; baseline 0 -23"><span class='ocrx_word' id='word_1_234' title='bbox 228 3122 350 3211; x_wconf 87' lang='lat' dir='ltr'>populi</span> <span class='ocrx_word' id='word_1_235' title='bbox 375 3124 568 3192; x_wconf 83' lang='lat' dir='ltr'>dominatio</span> <span class='ocrx_word' id='word_1_236' title='bbox 593 3137 661 3206; x_wconf 83' lang='lat' dir='ltr'>est;</span> <span class='ocrx_word' id='word_1_237' title='bbox 685 3147 767 3190; x_wconf 89' lang='lat' dir='ltr'>nam</span> <span class='ocrx_word' id='word_1_238' title='bbox 792 3125 890 3191; x_wconf 85' lang='lat' dir='ltr'>brevi</span> <span class='ocrx_word' id='word_1_239' title='bbox 913 3136 994 3212; x_wconf 91' lang='lat' dir='ltr'>post</span> <span class='ocrx_word' id='word_1_240' title='bbox 1016 3147 1139 3212; x_wconf 87' lang='lat' dir='ltr'>pacem</span> <span class='ocrx_word' id='word_1_241' title='bbox 1163 3124 1286 3190; x_wconf 84' lang='lat' dir='ltr'>Niciae</span> <span class='ocrx_word' id='word_1_242' title='bbox 1314 3146 1403 3210; x_wconf 87' lang='lat' dir='ltr'>quae</span> 
     </span>
     <span class='ocr_line' id='line_1_28' title="bbox 229 3229 1401 3319; baseline 0 -25"><span class='ocrx_word' id='word_1_243' title='bbox 229 3229 357 3298; x_wconf 89' lang='lat' dir='ltr'>dicitur</span> <span class='ocrx_word' id='word_1_244' title='bbox 384 3231 512 3297; x_wconf 82' lang='lat' dir='ltr'>factam</span> <span class='ocrx_word' id='word_1_245' title='bbox 544 3234 696 3319; x_wconf 86' lang='lat' dir='ltr'>populus</span> <span class='ocrx_word' id='word_1_246' title='bbox 726 3231 942 3318; x_wconf 85' lang='lat' dir='ltr'>Argivorum</span> <span class='ocrx_word' id='word_1_247' title='bbox 975 3253 1153 3296; x_wconf 88' lang='lat' dir='ltr'>summum</span> <span class='ocrx_word' id='word_1_248' title='bbox 1182 3242 1401 3295; x_wconf 88' lang='lat' dir='ltr'>momentum</span> 
     </span>
     <span class='ocr_line' id='line_1_29' title="bbox 228 3334 1403 3424; baseline -0.001 -23"><span class='ocrx_word' id='word_1_249' title='bbox 228 3337 265 3402; x_wconf 93' lang='lat' dir='ltr'>in</span> <span class='ocrx_word' id='word_1_250' title='bbox 289 3338 489 3404; x_wconf 81' lang='lat' dir='ltr'>foederibus</span> <span class='ocrx_word' id='word_1_251' title='bbox 506 3338 669 3405; x_wconf 86' lang='lat' dir='ltr'>ineundis</span> <span class='ocrx_word' id='word_1_252' title='bbox 689 3337 755 3404; x_wconf 91' lang='lat' dir='ltr'>sibi</span> <span class='ocrx_word' id='word_1_253' title='bbox 777 3337 934 3405; x_wconf 90' lang='lat' dir='ltr'>vindicat</span> <span class='ocrx_word' id='word_1_254' title='bbox 944 3339 990 3424; x_wconf 87' lang='lat'><strong>¹²).</strong></span> <span class='ocrx_word' id='word_1_255' title='bbox 1028 3339 1098 3406; x_wconf 87' lang='lat' dir='ltr'>Sed</span> <span class='ocrx_word' id='word_1_256' title='bbox 1114 3336 1182 3403; x_wconf 88' lang='lat' dir='ltr'>alia</span> <span class='ocrx_word' id='word_1_257' title='bbox 1200 3334 1403 3402; x_wconf 88' lang='lat' dir='ltr'>testimonia</span> 
     </span>
     <span class='ocr_line' id='line_1_30' title="bbox 229 3442 1403 3532; baseline -0.002 -23"><span class='ocrx_word' id='word_1_258' title='bbox 229 3446 335 3510; x_wconf 84' lang='lat' dir='ltr'>allata</span> <span class='ocrx_word' id='word_1_259' title='bbox 345 3458 437 3527; x_wconf 82' lang='lat' dir='ltr'>sunt,</span> <span class='ocrx_word' id='word_1_260' title='bbox 448 3445 576 3531; x_wconf 86' lang='lat' dir='ltr'>quibus</span> <span class='ocrx_word' id='word_1_261' title='bbox 586 3468 656 3532; x_wconf 91' lang='lat' dir='ltr'>quo</span> <span class='ocrx_word' id='word_1_262' title='bbox 671 3459 827 3531; x_wconf 88' lang='lat' dir='ltr'>tempore</span> <span class='ocrx_word' id='word_1_263' title='bbox 836 3445 943 3532; x_wconf 87' lang='lat' dir='ltr'>Argis</span> <span class='ocrx_word' id='word_1_264' title='bbox 953 3442 1139 3530; x_wconf 88' lang='lat' dir='ltr'>imperium</span> <span class='ocrx_word' id='word_1_265' title='bbox 1149 3443 1318 3531; x_wconf 88' lang='lat' dir='ltr'>populare</span> <span class='ocrx_word' id='word_1_266' title='bbox 1329 3465 1403 3509; x_wconf 88' lang='lat' dir='ltr'>coe-</span> 
     </span>
     <span class='ocr_line' id='line_1_31' title="bbox 228 3549 1402 3639; baseline -0.002 -21"><span class='ocrx_word' id='word_1_267' title='bbox 228 3551 327 3637; x_wconf 85' lang='lat' dir='ltr'>perit,</span> <span class='ocrx_word' id='word_1_268' title='bbox 356 3554 662 3621; x_wconf 87' lang='lat' dir='ltr'>demonstraretur.</span> <span class='ocrx_word' id='word_1_269' title='bbox 709 3554 826 3639; x_wconf 86' lang='lat' dir='ltr'>Atque</span> <span class='ocrx_word' id='word_1_270' title='bbox 856 3552 1059 3618; x_wconf 89' lang='lat' dir='ltr'>Herodotus</span> <span class='ocrx_word' id='word_1_271' title='bbox 1083 3549 1234 3637; x_wconf 85' lang='lat' dir='ltr'>quidem,</span> <span class='ocrx_word' id='word_1_272' title='bbox 1263 3551 1325 3635; x_wconf 90' lang='lat' dir='ltr'>(VI</span> <span class='ocrx_word' id='word_1_273' title='bbox 1348 3551 1402 3637; x_wconf 77' lang='lat'>83)</span> 
     </span>
     <span class='ocr_line' id='line_1_32' title="bbox 228 3658 1404 3747; baseline -0.004 -20"><span class='ocrx_word' id='word_1_274' title='bbox 228 3672 309 3746; x_wconf 89' lang='lat' dir='ltr'>post</span> <span class='ocrx_word' id='word_1_275' title='bbox 335 3682 505 3747; x_wconf 85' lang='lat' dir='ltr'>magnam</span> <span class='ocrx_word' id='word_1_276' title='bbox 533 3659 629 3726; x_wconf 86' lang='lat' dir='ltr'>illam</span> <span class='ocrx_word' id='word_1_277' title='bbox 658 3660 794 3726; x_wconf 87' lang='lat' dir='ltr'>cladem</span> <span class='ocrx_word' id='word_1_278' title='bbox 822 3671 904 3726; x_wconf 89' lang='lat' dir='ltr'>ante</span> <span class='ocrx_word' id='word_1_279' title='bbox 932 3680 1065 3725; x_wconf 88' lang='lat' dir='ltr'>annum</span> <span class='ocrx_word' id='word_1_280' title='bbox 1091 3662 1150 3723; x_wconf 85' lang='lat'>491</span> <span class='ocrx_word' id='word_1_281' title='bbox 1179 3681 1200 3723; x_wconf 91' lang='lat' dir='ltr'>a</span> <span class='ocrx_word' id='word_1_282' title='bbox 1216 3658 1404 3723; x_wconf 85' lang='lat' dir='ltr'>Cleomene</span> 
     </span>
     <span class='ocr_line' id='line_1_33' title="bbox 229 3765 1407 3854; baseline -0.003 -23"><span class='ocrx_word' id='word_1_283' title='bbox 229 3767 457 3854; x_wconf 81' lang='lat' dir='ltr'>aceepta1n¹³)</span> <span class='ocrx_word' id='word_1_284' title='bbox 481 3790 535 3833; x_wconf 89' lang='lat' dir='ltr'>res</span> <span class='ocrx_word' id='word_1_285' title='bbox 551 3765 657 3853; x_wconf 84' lang='lat' dir='ltr'>Argis</span> <span class='ocrx_word' id='word_1_286' title='bbox 681 3769 749 3831; x_wconf 89' lang='lat' dir='ltr'>hoc</span> <span class='ocrx_word' id='word_1_287' title='bbox 772 3768 877 3832; x_wconf 91' lang='lat' dir='ltr'>modo</span> <span class='ocrx_word' id='word_1_288' title='bbox 906 3776 1024 3852; x_wconf 80' lang='lat' dir='ltr'>gestas</span> <span class='ocrx_word' id='word_1_289' title='bbox 1052 3787 1128 3830; x_wconf 88' lang='lat' dir='ltr'>esse</span> <span class='ocrx_word' id='word_1_290' title='bbox 1156 3778 1288 3832; x_wconf 88' lang='lat' dir='ltr'>narrat:</span> <span class='ocrx_word' id='word_1_291' title='bbox 1336 3787 1407 3829; x_wconf 83' lang='lat' dir='ltr'>ser·-</span> 
     </span>
    </p>
   </div>
   <div class='ocr_carea' id='block_1_3' title="bbox 229 3897 434 3905">
    <p class='ocr_par' dir='ltr' id='par_1_3' title="bbox 229 3897 434 3905">
     <span class='ocr_line' id='line_1_34' title="bbox 229 3897 434 3905; baseline 0.005 -3"><span class='ocrx_word' id='word_1_292' title='bbox 229 3897 434 3905; x_wconf 55' lang='lat' dir='ltr'>-w,</span> 
     </span>
    </p>
   </div>
   <div class='ocr_carea' id='block_1_4' title="bbox 340 3950 1409 4028">
    <p class='ocr_par' dir='ltr' id='par_1_4' title="bbox 340 3950 1409 4028">
     <span class='ocr_line' id='line_1_35' title="bbox 340 3950 1409 4028; baseline -0.007 -17"><span class='ocrx_word' id='word_1_293' title='bbox 340 3950 380 4028; x_wconf 87' lang='lat'>¹¹)</span> <span class='ocrx_word' id='word_1_294' title='bbox 405 3952 450 4009; x_wconf 85' lang='lat' dir='ltr'>Cf.</span> <span class='ocrx_word' id='word_1_295' title='bbox 485 3971 565 4028; x_wconf 89' lang='lat' dir='ltr'>quae</span> <span class='ocrx_word' id='word_1_296' title='bbox 601 3953 639 4009; x_wconf 87' lang='lat' dir='ltr'>de</span> <span class='ocrx_word' id='word_1_297' title='bbox 675 3953 849 4010; x_wconf 84' lang='lat' dir='ltr'>auctoribus</span> <span class='ocrx_word' id='word_1_298' title='bbox 884 3952 1032 4026; x_wconf 83' lang='lat' dir='ltr'>indigenis</span> <span class='ocrx_word' id='word_1_299' title='bbox 1060 3952 1209 4009; x_wconf 88' lang='lat' dir='ltr'>Herodoti</span> <span class='ocrx_word' id='word_1_300' title='bbox 1242 3950 1409 4025; x_wconf 62' lang='lat' dir='ltr'>disputavit,</span> 
     </span>
    </p>
   </div>
   <div class='ocr_carea' id='block_1_5' title="bbox 146 3998 1114 4296">
    <p class='ocr_par' dir='ltr' id='par_1_5' title="bbox 146 3998 1114 4296">
     <span class='ocr_line' id='line_1_36' title="bbox 146 3998 1114 4102; baseline 0.001 -6"><span class='ocrx_word' id='word_1_301' title='bbox 146 3998 147 4001; x_wconf 60' lang='lat'><em>=</em></span> <span class='ocrx_word' id='word_1_302' title='bbox 229 4041 261 4096; x_wconf 91' lang='lat' dir='ltr'>B.</span> <span class='ocrx_word' id='word_1_303' title='bbox 286 4040 377 4098; x_wconf 82' lang='lat' dir='ltr'>Niese</span> <span class='ocrx_word' id='word_1_304' title='bbox 401 4042 431 4098; x_wconf 93' lang='lat' dir='ltr'>in</span> <span class='ocrx_word' id='word_1_305' title='bbox 455 4041 560 4098; x_wconf 84' lang='lat' dir='ltr'>Herm.</span> <span class='ocrx_word' id='word_1_306' title='bbox 583 4043 641 4099; x_wconf 91' lang='lat' dir='ltr'>vol.</span> <span class='ocrx_word' id='word_1_307' title='bbox 664 4041 746 4097; x_wconf 89' lang='lat' dir='ltr'>XLII</span> <span class='ocrx_word' id='word_1_308' title='bbox 770 4043 839 4098; x_wconf 89' lang='lat' dir='ltr'>anni</span> <span class='ocrx_word' id='word_1_309' title='bbox 868 4041 960 4102; x_wconf 87' lang='grc'><strong>1907.</strong></span> <span class='ocrx_word' id='word_1_310' title='bbox 987 4040 1050 4102; x_wconf 83' lang='grc'>426</span> <span class='ocrx_word' id='word_1_311' title='bbox 1076 4060 1114 4098; x_wconf 82' lang='lat' dir='ltr'>ss.</span> 
     </span>
     <span class='ocr_line' id='line_1_37' title="bbox 340 4124 665 4210; baseline 0 -23"><span class='ocrx_word' id='word_1_312' title='bbox 340 4124 381 4210; x_wconf 83' lang='lat'>¹²)</span> <span class='ocrx_word' id='word_1_313' title='bbox 403 4130 539 4206; x_wconf 89' lang='lat' dir='ltr'>Thucyd.</span> <span class='ocrx_word' id='word_1_314' title='bbox 562 4130 588 4183; x_wconf 97' lang='lat' dir='ltr'>V</span> <span class='ocrx_word' id='word_1_315' title='bbox 614 4129 665 4190; x_wconf 85' lang='lat'>28.</span> 
     </span>
     <span class='ocr_line' id='line_1_38' title="bbox 342 4215 1100 4296; baseline 0 -20"><span class='ocrx_word' id='word_1_316' title='bbox 342 4215 381 4296; x_wconf 78' lang='lat'>¹³)</span> <span class='ocrx_word' id='word_1_317' title='bbox 406 4219 531 4288; x_wconf 72' lang='lat' dir='ltr'>Belum,</span> <span class='ocrx_word' id='word_1_318' title='bbox 556 4218 753 4277; x_wconf 81' lang='lat' dir='ltr'>Griechische</span> <span class='ocrx_word' id='word_1_319' title='bbox 778 4219 964 4277; x_wconf 80' lang='lat' dir='ltr'>Geschichte</span> <span class='ocrx_word' id='word_1_320' title='bbox 988 4220 1001 4275; x_wconf 93' lang='grc' dir='ltr'>Ι</span> <span class='ocrx_word' id='word_1_321' title='bbox 1026 4219 1100 4279; x_wconf 80' lang='grc'><strong>349.</strong></span> 
     </span>
    </p>
   </div>
   <div class='ocr_carea' id='block_1_6' title="bbox 0 0 1572 4914">
    <p class='ocr_par' dir='ltr' id='par_1_6' title="bbox 0 0 1572 4914">
     <span class='ocr_line' id='line_1_39' title="bbox 0 0 1572 4914; baseline 0 0"><span class='ocrx_word' id='word_1_322' title='bbox 0 0 1572 4914; x_wconf 95' lang='lat' dir='ltr'> </span> 
     </span>
    </p>
   </div>
  </div>
 </body>
</html>
