3136 4914
676 398 716 407 -
763 357 896 425 43·-

192 571 361 639 :solvitur
410 575 524 638 Immo
559 573 807 638 Prometheum
842 594 913 638 non
949 594 1052 660 posse
1088 583 1170 638 ante
1198 572 1380 658 „Septem“

194 679 372 764 scriptam
395 701 472 744 esse
496 690 531 745 et
555 678 729 764 Bergkius
754 678 893 766 vidit97)
918 690 953 745 et
977 703 1090 768 nuper
1112 681 1151 744 A.
1169 678 1335 746 Grossius
1359 701 1379 745 e

203 797 383 852 structura
411 784 633 872 dialogorum
662 810 756 852 nova
791 798 865 852 arte
898 785 1172 872 compositorum
1199 785 1379 872 probabile

208 890 411 980 reddidit⁹⁸).
459 892 605 959 Accedit
633 892 700 957 alia
728 916 783 959 res
812 916 881 979 qua
906 895 1136 959 Prometheus
1163 892 1306 979 propius
1335 894 1378 959 ab

155 984 165 993 ⁸
205 997 345 1065 Orestia
367 999 524 1084 ponitur3
549 1001 647 1065 deest
671 999 765 1064 enim
790 1010 825 1064 et
848 998 884 1064 in
904 1000 1111 1066 Prometheo
1136 1011 1171 1066 et
1187 999 1223 1064 in
1241 998 1379 1082 Orestia

208 1103 505 1190 simplicissimum
529 1105 616 1170 illud
641 1129 755 1190 genus
780 1105 915 1188 commi,
945 1106 980 1171 in
1006 1129 1075 1192 quo
1101 1107 1228 1172 chorus
1255 1107 1379 1172 breves

204 1213 368 1298 strophas
405 1212 512 1293 canit,
552 1223 648 1278 actor
683 1225 776 1279 certo
812 1196 959 1278 numero
1000 1212 1237 1279 trimetrorum
1276 1213 1380 1278 inter-

207 1318 400 1404 positorum
436 1321 631 1404 respondet.
688 1321 792 1402 Quod
826 1318 861 1384 in
897 1318 1020 1385 ceteris
1054 1318 1182 1385 iabulis
1217 1317 1259 1385 iis
1294 1319 1379 1385 locis

203 1425 401 1507 adhibetur,
425 1425 553 1512 quibus
577 1427 783 1511 profundior
807 1426 1006 1492 animorum
1029 1437 1147 1492 motus
1163 1425 1263 1492 inest.
1299 1429 1379 1510 Qua

208 1555 243 1599 re
265 1535 406 1599 fabulae
430 1534 646 1617 Aeschyleae
671 1532 706 1598 in
732 1535 819 1599 duas
843 1545 960 1618 partes
985 1533 1202 1605 dividuntur,
1231 1555 1379 1619 quarum

203 1639 394 1726 antiquiori
419 1639 603 1726 Supplices
630 1645 753 1705 Persae
773 1642 925 1727 Septem,
950 1640 1132 1726 posteriori
1152 1641 1380 1706 Prometheus

194 1756 242 1810 et
265 1746 404 1812 Orestia
428 1745 722 1833 attribuuntur.⁹⁹)

314 1857 428 1918 Pauca
471 1853 581 1938 igitur
625 1877 703 1918 cum
744 1853 963 1938 argumentis
1003 1854 1220 1920 extrinsecus
1259 1854 1379 1939 petitis

207 1959 462 2044 profecerimus,
492 1960 561 2025 ianr
588 1962 630 2025 ad
656 1984 696 2026 ea
725 1983 789 2025 nos
815 1971 1070 2043 convertamus
1095 1984 1186 2047 quae
1215 1984 1258 2026 ex
1282 1960 1379 2026 insti-

208 2065 343 2133 tutione
366 2068 506 2132 iabulae
531 2067 641 2154 ipsius
665 2067 774 2152 repeti
800 2079 955 2152 possunt.
996 2069 1027 2131 A
1050 2063 1323 2133 leviore‘autem
1340 2079 1380 2134 ut

207 2171 382 2260 incipiam,
408 2174 502 2239 chori
528 2174 636 2240 vestis
661 2198 700 2239 ea
726 2187 786 2256 est,
812 2198 900 2260 quae
925 2173 1165 2260 antiquiorum
1181 2176 1378 2240 fabularum

195 2279 345 2367 ‚propria
373 2292 461 2346 erat:
504 2281 730 2367 peregrinum
759 2294 795 2348 et
822 2282 951 2347 mirum
987 2293 1168 2367 aspectum
1199 2283 1379 2367 praebens,

198 2388 321 2470 ‘Quem
346 2388 507 2454 habitum
538 2411 618 2453 cum
642 2390 788 2454 chorum
813 2390 947 2455 Graeco
976 2389 1188 2455 vestimento
1216 2388 1381 2455 indutum

209 2505 312 2578 poeta
336 2494 501 2560 inducere
524 2508 652 2580 posset,
675 2495 967 2561 consuetudinem
992 2495 1166 2581 temporis
1192 2519 1260 2581 quo
1284 2497 1381 2561 iabu-

186 2649 189 2653 -
209 2601 276 2667 lam
302 2601 449 2688 scripsit,
475 2615 616 2668 secutus
633 2602 741 2687 elegit
765 2601 866 2688 eique
883 2614 1023 2668 tantum
1048 2601 1179 2684 tribuit,
1204 2613 1244 2668 ut
1259 2624 1380 2687 regem

208 2704 324 2792 ipsum
340 2709 384 2773 de
399 2709 539 2774 insueto
563 2708 657 2774 chori
683 2723 826 2794 aspectu
849 2710 1038 2775 mirantem
1061 2709 1181 2775 iecerit
1204 2734 1235 2775 v.
1254 2713 1316 2773 234
1334 2732 1379 2776 ss.

322 2893 361 2966 ⁹⁷)
386 2893 638 2955 Lit.-Gesch.111.
662 2894 736 2954 311.

320 2982 361 3059 ⁹⁸)
384 2983 444 3040 Die
470 2984 685 3057 Stichomythie
713 2983 804 3043 1905.
829 3004 858 3058 p.
875 2983 916 3042 45
941 2984 1018 3044 Adn.
1036 2983 1088 3042 47.

320 3069 358 3144 ⁹⁹)
382 3072 462 3130 Tota
478 3075 555 3129 haec
572 3073 709 3146 quaestio
728 3074 766 3128 de
783 3074 962 3130 Prometheo
980 3073 1060 3129 irrita
1077 3081 1166 3138 esset,
1182 3073 1207 3129 si
1223 3072 1256 3129 E.
1272 3073 1378 3130 Bethio

209 3161 238 3219 in
261 3179 330 3236 cap.
345 3161 382 3217 X.
405 3161 471 3217 libri
501 3180 592 3236 quem
622 3163 740 3236 scripsit
769 3164 1005 3236 „Prolegomena
1033 3180 1083 3218 zur
1111 3161 1296 3219 Geschichte
1325 3163 1379 3218 des

201 3248 356 3307 'Theaters
385 3251 425 3306 im
450 3253 614 3307 Altertum“
648 3249 730 3310 1896
760 3251 942 3325 contigisset,
977 3259 1010 3307 ut
1040 3250 1210 3307 Promethei
1239 3250 1380 3307 traditam

209 3337 336 3396 formam
359 3358 465 3395 manus
490 3341 667 3396 correctoris
691 3358 812 3414 passam
829 3358 895 3396 esse
913 3341 1142 3396 demonstraret.
1181 3339 1272 3406 Quod
1288 3357 1380 3414 quam

207 3429 288 3484 nullo
313 3429 376 3484 iure
401 3430 599 3496 contenderit,
624 3429 737 3502 optime
767 3430 936 3503 explanavit
959 3427 993 3484 C.
1013 3429 1163 3485 Robertus
1191 3430 1221 3484 in
1245 3429 1380 3486 Hermae

142 3588 145 3595 Ι
199 3518 263 3576 vol.
283 3517 392 3573 XXXI.
421 3511 531 3598 (1896)
561 3517 625 3576 573
652 3536 690 3574 ss·
719 3518 756 3574 cf.
785 3536 907 3599 quoque
931 3518 1146 3575 Wilamovitzii
1174 3518 1319 3574 iudicium
1350 3520 1380 3574 in

208 3607 352 3680 Aeschyli
377 3607 497 3662 Orestia
522 3607 557 3666 ll.
585 3606 647 3665 226
673 3610 707 3662 A.
732 3606 760 3666 2.
808 3607 905 3663 Bethii
930 3615 1032 3664 autem
1049 3607 1231 3681 argumentis
1248 3606 1380 3664 infractis

197 3695 356 3752 dubitatio
392 3708 543 3769 movetur,
582 3714 653 3752 num
693 3704 869 3769 argumenta
905 3715 921 3752 e
955 3697 1054 3771 lingua
1089 3696 1232 3770 repetita,
1270 3696 1379 3770 quibus

208 3783 477 3859 Wackemagelius
507 3784 614 3841 Bethio
645 3785 783 3841 subvenit
811 3785 853 3862 (in
883 3785 1140 3842 commentatione
1176 3785 1380 3858 praemiorum

208 3873 352 3947 publicae
381 3874 594 3930 renuntiationi
623 3875 790 3948 praemissa
819 3873 970 3948 Gotingae
1005 3873 1100 3947 1904)
1129 3874 1224 3948 magis
1252 3875 1381 3930 valeant.

201 3961 319 4037 'Neque
344 3962 455 4019 idonea
479 3970 555 4021 sunt.
580 3981 649 4019 cum
673 3964 804 4020 numeris
828 3964 959 4020 nitantur
982 3964 1147 4020 minoribus
1163 3981 1255 4036 quam
1271 3964 1381 4038 quibus

200 4059 292 4108 tanta
321 4069 369 4107 res
399 4053 561 4108 evincatur.
608 4050 691 4119 Quid
719 4053 798 4108 enirn
823 4053 1003 4127 Aeschylum
1027 4053 1191 4126 impedivit,
1220 4053 1380 4126 quominus

207 4139 378 4214 perfectum
414 4142 496 4214 quod
531 4141 736 4197 resultativum
770 4142 886 4209 dicitur,
921 4142 1002 4216 quod
1031 4142 1090 4197 iarn
1120 4160 1138 4196 a
1165 4141 1295 4214 Tyrtaeo
1328 4142 1380 4196 ad-

207 4229 337 4285 bibitum
367 4237 413 4286 est
441 4238 470 4286 et
499 4231 579 4304 apud
604 4231 763 4286 Pindarum
793 4237 882 4298 extat,
918 4232 945 4286 in
971 4233 1150 4287 Prometheo
1180 4231 1300 4304 saepius
1329 4231 1382 4285 ad·

201 4318 327 4375 -hiberet
351 4336 443 4391 quarn
467 4320 496 4373 in
522 4319 629 4375 ceteris
654 4315 781 4375 fabulis?
