3136 4914
687 352 906 418 ..51-

192 561 361 649 plicitatis
404 565 565 651 exempla
605 566 710 631 etiam
754 566 790 631 in
834 566 1024 652 tragoediis
1055 566 1203 634 servatis
1235 566 1376 634 inveni·
1461 554 1466 565 1

194 681 310 736 untur.
346 671 533 758 Optimum
550 675 750 759 exemplum
767 672 803 738 in
823 673 936 739 Persis
954 685 1078 756 exstat,
1095 673 1155 739 ubi
1172 673 1369 761 episodium

195 776 395 865 (598-622)
412 801 484 845 una
500 778 645 864 reginae
661 780 820 846 oratione
836 782 1005 866 expletur.
1054 784 1134 847 Duo
1155 782 1315 866 exempla
1331 781 1367 846 in

194 883 421 970 Supplicibus
445 897 537 968 suut,
563 909 643 952 cum
659 887 855 973 episodium
874 891 1049 953 ooo—625
1068 889 1118 953 sic
1135 886 1368 974 compositum

195 990 253 1057 sit:
289 995 385 1061 60011
418 996 565 1058 Danaus
594 999 769 1060 602-604
800 996 926 1059 chorus
957 998 1133 1060 605-625
1162 993 1273 1060 rhesis
1301 997 1371 1058 Da·

195 1097 262 1164 nai.
309 1098 358 1167 Et
381 1098 541 1166 similiter
564 1100 676 1166 rhesis
701 1101 817 1166 Danai
842 1106 1049 1184 980-1013,
1074 1123 1180 1187 quam
1203 1111 1370 1187 quattuor

196 1204 293 1271 chori
317 1228 441 1272 versus
465 1207 655 1294 excipiunt,
679 1208 772 1273 inter
796 1209 883 1273 duas
908 1220 1025 1295 partes
1049 1207 1145 1274 chori
1163 1207 1369 1293 interposita

194 1323 255 1378 est
281 1312 377 1379 Huic
393 1326 605 1399 argumento
622 1315 751 1400 opponi
769 1338 839 1380 non
857 1326 982 1401 potest,
1000 1316 1094 1401 quod
1110 1314 1146 1379 in
1164 1313 1372 1384 Eumenidi·

193 1420 261 1485 bus
287 1420 381 1486 inter
411 1421 639 1507 epiparodum
675 1422 771 1488 chori
807 1434 842 1488 et
869 1423 1023 1510 primum
1059 1422 1243 1488 Stasimum
1279 1420 1367 1486 nihil

193 1524 334 1593 intersit
357 1528 424 1593 nisi
450 1532 539 1613 ῥῆσις
563 1530 709 1596 Orestae
734 1530 934 1617 (276-298)
959 1552 1065 1615 quam
1089 1540 1224 1614 septem
1246 1550 1375 1594 versus

196 1634 293 1699 chori
322 1648 528 1722 sequantur3
562 1659 645 1701 nam
674 1635 733 1702 illa
763 1639 908 1703 Orestae
945 1644 1032 1724 ῥῆσις
1060 1635 1204 1702 secundi
1232 1633 1370 1723 prologi

193 1738 305 1807 instar
343 1753 403 1808 est.
463 1744 532 1809 Sed
572 1742 715 1828 singula
754 1745 940 1810 observare
971 1766 1041 1808 non
1081 1741 1227 1809 suflicit:
1260 1743 1369 1809 totius

193 1849 335 1914 fabulae
374 1849 580 1935 compositio
620 1853 891 1935 contemplanda
930 1863 990 1916 est.
1063 1853 1162 1934 Quae
1205 1850 1241 1915 in
1281 1851 1372 1936 Sup

194 1954 345 2041 plicibus
375 1956 463 2021 mira
493 1956 718 2042 simplicitate
747 1969 807 2022 est.
859 1957 917 2025 Sic
946 1956 1041 2022 enim
1071 1957 1267 2040 Aeschylus
1295 1978 1369 2021 rem

194 2059 358 2145 instituit,
406 2076 446 2129 ut
484 2064 652 2151 (exceptis
681 2063 837 2152 commis)
876 2076 957 2151 post
995 2063 1171 2130 orationes
1210 2073 1369 2128 actorum

196 2179 258 2234 aut
298 2170 424 2235 chorus
463 2171 585 2256 paucis
624 2172 782 2237 versibus
822 2173 1028 2258 plerumque
1075 2169 1183 2236 ternis
1229 2191 1370 2254 respon-

196 2275 277 2342 deat
314 2277 522 2363 (204-206,
570 2283 759 2361 246-248,
795 2284 985 2362 274-276,
1020 2282 1138 2360 29112)
1174 2288 1236 2343 aut
1269 2277 1376 2353 collo-

198 2382 319 2467 quium
343 2383 453 2450 sicubi
478 2387 743 2470 producendum
779 2397 840 2469 est,
876 2386 997 2452 statim
1021 2385 1057 2451 in
1082 2383 1370 2469 stichomythiam

198 2499 365 2572 transeat3
390 2514 497 2577 quare
521 2492 563 2558 lit
587 2504 627 2558 ut
651 2492 806 2578 quinque
827 2493 1100 2578 stichomythiae
1116 2493 1209 2558 inter
1224 2492 1371 2556 chorum

198 2606 233 2661 et
255 2608 389 2664 actores
414 2597 716 2688 inveniantur112);
746 2623 860 2686 neque
889 2601 1031 2666 veroin
1062 2599 1166 2665 unico
1194 2598 1254 2664 illo
1279 2597 1376 2663 inter

198 2704 285 2770 duos
309 2717 444 2770 actores
465 2706 638 2792 colloquio
655 2706 907 2792 stichomythia
924 2707 1125 2792 (916-929)
1143 2704 1369 2771 desideratur.

198 2811 378 2898 Colloquia
394 2812 556 2878 liberiore
572 2813 707 2879 ratione
724 2817 941 2880 conformata
956 2815 1116 2879 nondum
1128 2811 1369 2879 inveniuntur.

197 2920 279 2985 Uno
303 2920 379 2984 loco
404 2919 445 3006 (v.
464 2922 542 3002 324)
566 2920 817 3005 stichomythia
841 2920 944 2987 linita
968 2921 1132 3006 dialogus
1156 2918 1296 2985 liberior
1320 2918 1375 2982 in·-

197 3024 264 3110 cipi
281 3026 434 3109 videtur3
459 3029 519 3092 sed
537 3040 725 3113 postquam
749 3051 810 3093 rex
828 3040 906 3110 tres
931 3029 1058 3094 chorus
1074 3027 1230 3113 quinque
1247 3049 1372 3093 versus

196 3131 303 3198 locuti
342 3146 435 3215 sunt,
474 3134 637 3220 dialogus
676 3135 796 3201 statim
835 3135 870 3200 in
910 3134 1200 3220 stichomythiam
1233 3133 1368 3200 transit.

198 3242 333 3305 Rursus
360 3244 481 3306 Persas
517 3241 545 3306 si
575 3243 864 3327 comparabimus,
901 3242 1082 3328 colloquiis
1111 3238 1254 3308 liberius
1279 3263 1371 3306 com-

195 3345 319 3431 positis
355 3347 563 3414 instructam
589 3349 824 3427 inveniemus;
862 3361 931 3415 tres
961 3349 1054 3415 enim
1090 3349 1196 3414 huius
1229 3347 1372 3434 generis

196 3452 327 3540 dialogi
356 3453 392 3519 in
422 3457 489 3521 hac
516 3458 636 3522 fabula
660 3469 751 3523 sunt.
799 3462 893 3522 Nam
921 3456 1158 3523 narrationem
1182 3455 1300 3521 nuntii
1324 3478 1370 3520 ne

196 3560 372 3627 auditores
415 3561 526 3628 nimia
568 3563 794 3649 longitudine
833 3567 1071 3647 offendantur,
1114 3563 1169 3629 bis
1203 3563 1373 3629 brevibus

196 3668 377 3756 colloquiis
401 3669 545 3755 reginae
570 3683 605 3736 et
629 3670 745 3737 nuntii
769 3683 874 3757 poeta
898 3671 1195 3758 interrun1pit¹1³),
1221 3692 1370 3755 quorum

197 3777 345 3842 alterum
370 3781 544 3841 331-352
570 3777 619 3842 sic
644 3778 938 3866 distribuitur¹¹⁴)‚
962 3790 1002 3844 ut
1026 3777 1171 3863 reginae
1196 3783 1214 3842 6
1238 3799 1371 3858 versus

311 3960 364 4033 ¹¹²)
390 3960 574 4029 207--221‚
588 3960 773 4028 291-321‚
787 3962 972 4031 332-346‚
986 3961 1049 4021 455
1061 3997 1083 4003 --
1097 3961 1171 4030 467,
1184 3960 1374 4020 504-515.

310 4045 365 4126 ¹¹³)
391 4049 434 4106 Cf.
452 4050 545 4107 Gross
569 4052 587 4105 l.
604 4069 630 4108 e.
646 4071 675 4125 p.
692 4051 733 4110 43
759 4070 796 4107 ss.

310 4138 364 4215 ¹¹⁴)
389 4139 425 4194 V.
442 4138 542 4201 34516
566 4141 688 4213 reginae
717 4141 789 4197 dare
824 4142 917 4196 virum
947 4141 1155 4197 doctissimum
1178 4140 1312 4214 Lipsium
1339 4139 1370 4194 in

195 4227 306 4283 scholis
330 4228 368 4284 de
392 4229 531 4302 Aeschyli
549 4229 643 4284 Persis
661 4229 770 4285 habitis
786 4230 925 4289 memini:
950 4238 1019 4303 post
1036 4247 1156 4285 versum
1173 4228 1236 4288 346
1253 4228 1371 4302 signum

194 4314 396 4390 interrogandi
420 4319 594 4391 ponendum
619 4326 674 4376 est.

1261 4443 1302 4485 1V*
