3136 4914
244 1133 410 1220 Quinque
426 1135 623 1200 tabularum
634 1133 809 1219 Aeschyli,
826 1156 905 1200 cum
922 1145 1058 1222 septem
1071 1145 1167 1202 aetas
1181 1135 1310 1214 tulerit,

128 1241 346 1308 didascaliae
371 1252 529 1308 servatae
554 1254 644 1308 sunt.
695 1241 828 1312 Earum
852 1262 991 1329 quoque
1019 1263 1167 1328 quarum
1195 1241 1309 1309 didas·

131 1348 244 1415 caliae
268 1348 470 1434 deperditae
494 1360 586 1431 sunt,
611 1348 818 1436 Supplicum
843 1361 878 1416 et
900 1349 1108 1434 Promethei,
1132 1349 1198 1416 viri
1215 1349 1309 1416 docti

134 1469 275 1545 tempus
299 1455 454 1522 stabilire
478 1455 595 1529 conati
618 1467 709 1522 sunt.
757 1456 901 1525 Etcum
918 1457 962 1523 de
979 1457 1177 1525 Promethei
1194 1468 1309 1525 aetate

130 1562 265 1628 iudicia
289 1563 380 1629 inter
404 1585 441 1628 se
466 1585 661 1648 congruere
684 1559 873 1650 coeperint,
897 1564 941 1629 de
959 1563 1186 1650 Supplicibus
1202 1585 1308 1650 quam

132 1671 288 1737 maxime
312 1670 449 1736 diversa
475 1681 510 1736 et
533 1672 677 1736 luerunt
698 1677 741 1736 ¹et
763 1682 978 1737 manserunt.
1027 1673 1107 1756 Qua
1135 1672 1179 1737 de
1206 1692 1309 1757 quae-

131 1777 248 1844 stione
272 1800 362 1864 quae
386 1789 468 1843 ante
491 1778 556 1842 hos
587 1788 656 1842 tres
677 1801 789 1842 annos
805 1778 875 1843 duo
893 1776 958 1844 viri
975 1779 1070 1845 docti
1085 1779 1309 1865 scripserunt,

128 1886 363 1950 Deubnerum
374 1886 395 1971 ¹)
420 1883 497 1949 dico
515 1897 550 1949 et
566 1886 608 1947 A.
626 1883 791 1950 Kdrtium
799 1885 833 1970 ²),
857 1886 1006 1950 eandem
1022 1887 1093 1950 fere
1106 1883 1308 1971 opinionem

131 1991 288 2075 professi,
305 2013 385 2055 cum
401 1989 488 2055 milri
506 1991 725 2075 argumentis
741 1991 907 2077 speciosis
922 1991 1041 2079 potius
1054 2012 1160 2077 quam
1172 1992 1309 2058 idoneis

131 2096 246 2163 fulciri
272 2097 467 2179 videantur,
491 2098 608 2163 denuo
632 2098 830 2164 accuratius
854 2098 890 2163 in
914 2099 1007 2164 hanc
1036 2120 1110 2164 rem
1133 2097 1309 2185 inquirere

130 2204 219 2270 mihi
243 2204 408 2292 proposui
434 2203 564 2290 duplici
589 2204 743 2287 consilio,
767 2203 919 2291 primum
936 2217 976 2271 ut
992 2206 1098 2271 falsas
1114 2205 1308 2272 sententias

128 2313 287 2378 refellam
312 2313 487 2399 simulque
515 2312 550 2377 in
581 2314 770 2378 refellendo
793 2314 983 2378 nonnullas
1013 2335 1068 2378 res
1092 2314 1207 2379 adhuc
1235 2335 1306 2379 non

123 2419 218 2485 satis
242 2422 332 2486 bene
355 2432 555 2505 perspectas
579 2419 705 2485 melius
728 2418 910 2501 illustrem,
934 2419 1061 2485 deinde
1084 2430 1125 2486 ut
1148 2443 1189 2486 ea
1206 2442 1308 2506 argu-

129 2540 252 2600 menta
276 2549 365 2613 quae
394 2524 533 2592 stabilia
566 2549 642 2592 esse
671 2549 805 2608 censeo,
838 2527 940 2592 novis
971 2527 1000 2591 si
1029 2524 1157 2612 quibus
1185 2539 1307 2612 potero

129 2633 436 2700 observationibus
460 2657 597 2719 augens
621 2656 787 2700 enarrem⁴

240 2740 385 2806 Initium
411 2740 591 2828 capiamus
615 2743 658 2806 ab
683 2739 903 2826 argumentis
919 2763 962 2804 ex
978 2737 1125 2807 historia
1141 2739 1306 2826 repetitis.

128 2851 183 2912 Ac
207 2846 360 2933 primurn
384 2847 525 2933 quidem
550 2850 587 2912 A.
614 2845 844 2933 Boeckhius³)
877 2845 1062 2932 Supplices
1094 2847 1130 2912 in
1160 2869 1306 2914 numero

129 2957 329 3021 tabularum
343 2953 507 3038 Aeschyli
527 2951 846 3019 recentissimarum
859 2953 1060 3019 habendam
1071 2976 1148 3019 esse
1161 2953 1305 3021 censuit

130 3062 202 3146 Qui
220 3084 300 3127 cum
313 3100 357 3108 —
370 3074 409 3127 ut
426 3061 496 3128 iam
513 3073 595 3128 ante
607 3084 688 3127 eum
701 3060 769 3144 alii,
782 3059 983 3148 quicunque
1000 3058 1142 3146 primus,
1155 3083 1307 3147 eumque

122 3181 274 3235 secutus
292 3171 331 3235 Ο.
350 3170 573 3253 Muellerum)
597 3206 639 3217 -
666 3167 819 3234 carmine
843 3193 873 3234 v.
891 3172 955 3233 625
972 3190 1043 3255 sqq.
1053 3169 1077 3253 ⁵)
1106 3190 1168 3254 pro
1193 3170 1307 3234 salute

122 3275 345 3361 ,Argivorum
364 3275 497 3362 optima
509 3287 592 3341 vota
607 3276 685 3340 cani
698 3275 841 3358 videret,
854 3275 1069 3359 Aeschylum
1080 3273 1136 3340 his
1146 3272 1306 3340 versibus

123 3385 174 3448 ad
200 3384 323 3449 foedus
348 3382 439 3448 inter
467 3381 620 3467 Argivos
644 3395 679 3448 et
703 3381 938 3447 Athenienses
967 3380 1042 3447 sive
1070 3382 1202 3447 lactum
1231 3380 1306 3446 sive

129 3489 331 3555 iaciendum
360 3489 530 3575 respicere
556 3511 618 3574 pro
647 3501 741 3554 certo
768 3487 933 3574 habuit⁶).
981 3488 1051 3556 Sed
1084 3510 1163 3553 cum
1191 3509 1306 3573 neque

225 3711 247 3785 ¹)
274 3711 359 3769 Neue
382 3712 570 3786 Jahrblicher
593 3709 638 3767 hir
661 3709 825 3766 klassische
849 3709 1012 3783 Philologie
1038 3716 1096 3765 etc.
1123 3707 1216 3768 1906.
1240 3707 1304 3766 234

123 3795 241 3880 (oratio
267 3800 444 3857 academica
469 3817 547 3856 anno
576 3798 659 3858 1905
683 3793 810 3874 habita).

241 3889 265 3962 ²)
288 3889 444 3964 Melanges
468 3887 574 3946 Nicole
603 3886 697 3950 1905.
722 3885 797 3949 289.

241 3977 267 4054 3)
291 3978 481 4054 Tragoediae
506 3975 645 4036 Graecae
669 3977 839 4052 principum
863 3978 915 4033 rel.
940 3975 1025 4035 1808
1050 3995 1080 4049 p.
1098 3973 1148 4032 54.

239 4069 264 4144 ⁴)
287 4067 343 4129 Lit.
369 4066 481 4125 Gesch.
503 4067 527 4124 Ι.
550 4065 624 4127 543.
669 4065 828 4123 Eumenid.
847 4063 918 4123 122.

241 4158 266 4229 ⁵)
291 4156 429 4215 Numeris
452 4163 519 4213 utar
543 4155 682 4213 editionis
706 4154 884 4215 Wellian'ae.

236 4243 267 4326 ὁ)
291 4247 332 4304 Ut
356 4248 383 4302 in
408 4244 494 4302 Eum.
519 4244 582 4303 772
608 4263 652 4318 sq.
