3136 4914
620 349 841 414 ..41-

135 586 240 649 quam
272 574 313 628 ut
341 572 555 648 spectatores
585 562 707 646 sciant,
742 562 820 649 quis
849 562 903 628 sit.
961 564 1055 627 Nam
1085 563 1315 627 Prometheus

135 669 236 735 illum
259 667 369 737 novit.
416 671 466 734 At
488 673 537 751 Io,
562 691 642 735 eum
665 668 736 735 iam
760 694 791 736 v:
816 673 878 734 561
905 666 1082 754 prodierit,
1108 692 1139 735 v.
1165 672 1229 733 588
1253 667 1314 734 ubi

135 775 332 863 interrogat
366 778 474 848 κλύεις
508 778 642 865 φθέγμα
675 783 736 856 τᾶς
772 775 922 863 βουκέρω
957 774 1146 860 mapalium,
1184 796 1313 841 nomen

137 905 240 950 suum
263 905 335 948 non
359 884 498 969 profert.
544 885 600 948 Ad
625 905 714 970 quae
739 882 968 949 Prometheus
991 905 1022 948 v.
1047 885 1125 948 589:

352 998 422 1062 πῶς
446 992 475 1055 δ’
494 993 533 1056 ού
556 992 645 1055 κλύω
668 998 723 1074 τῆς
746 991 982 1073 οἰστροδινήτου
1006 985 1110 1072 κόρης

349 1105 403 1181 τῆς
426 1087 586 1181 Ἰναχείας
610 1123 639 1161 κ.
662 1123 686 1161 τ.
710 1098 735 1161 λ.

139 1219 304 1306 Triginta
340 1219 451 1306 igitur
485 1220 645 1287 versibus
680 1231 868 1307 postquam
906 1219 942 1285 in
978 1241 1143 1286 scaenam
1176 1219 1316 1306 prodiit,

137 1325 246 1412 patris
271 1349 399 1393 nomen
425 1326 613 1394 indicatur:
638 1325 830 1414 singularis
846 1349 901 1393 res
917 1325 953 1391 in
971 1327 1153 1413 tragoedia
1170 1328 1315 1410 Graeca,

138 1431 205 1499 nisi
237 1431 332 1498 lonis
363 1432 480 1519 figura
508 1432 659 1519 virginis
687 1433 892 1520 cornigerae
927 1432 1091 1500 omnibus
1127 1445 1200 1500 tam
1230 1445 1315 1500 nota

137 1539 261 1606 fuisset
285 1563 390 1626 quam
414 1563 458 1607 ex
482 1539 598 1607 verbis
623 1539 797 1607 Herodoti
821 1563 928 1626 supra
951 1539 1067 1606 allatis
1093 1541 1133 1627 [p.
1156 1541 1209 1627 39]
1235 1562 1314 1606 con-

16 1701 18 1705 ,
140 1648 279 1713 cludere
305 1670 502 1734 possumus.
559 1649 648 1714 Inde
676 1647 765 1714 mihi
794 1647 937 1734 quidem
972 1669 1140 1735 apparere
1174 1646 1315 1715 videtur

138 1751 235 1819 illam
259 1752 354 1819 Ionis
378 1756 527 1821 formam
552 1765 625 1821 tam
648 1765 770 1820 notam
793 1753 911 1837 fuisse,
935 1765 976 1820 ut
999 1753 1213 1840 quicumque
1237 1777 1315 1820 eam

138 1859 282 1927 videbat
309 1872 345 1927 et
367 1860 534 1928 audiebat
560 1866 706 1949 βούκερω
730 1861 912 1949 παρθένου,
938 1859 1185 1950 οἰστροδινήτου
1207 1860 1315 1951 κόρης,

139 1965 259 2032 statim
288 1967 392 2034 sciret
421 1971 544 2034 Ionem
572 1970 664 2033 hanc
692 1969 848 2054 puellam
876 1990 962 2035 esse.
1016 1967 1072 2035 Ex
1101 1979 1175 2034 arte
1203 1968 1315 2053 igitur

138 2075 250 2140 forma
278 2073 428 2160 virginis
456 2074 660 2162 cornigerae
689 2073 863 2161 originem
892 2074 1002 2141 duxit.
1058 2075 1108 2143 Et
1135 2075 1315 2142 habebant

140 2178 300 2263 artifices,
326 2203 387 2246 cur
409 2184 558 2248 formam
583 2205 673 2268 quae
697 2181 733 2247 in
758 2182 883 2266 mytho
907 2193 982 2248 erat
996 2192 1185 2248 mutarent.
1220 2185 1315 2249 Nam

140 2285 169 2351 si
198 2290 237 2352 lo
266 2289 340 2354 sola
367 2288 590 2375 pingebatur,
620 2291 818 2357 cavendum
847 2300 930 2372 erat,
965 2311 1011 2354 ne
1039 2287 1180 2375 integra
1207 2313 1315 2356 vacca

139 2391 233 2479 picta
243 2395 424 2462 hominem
434 2398 578 2463 subesse
589 2397 888 2482 contemplantem
898 2398 1047 2482 fugeret.
1065 2397 1170 2479 Quod
1181 2395 1315 2463 utvita-

139 2513 219 2569 rent
232 2503 388 2588 puellam
404 2502 575 2589 effingere
587 2514 778 2589 coeperunt
794 2501 924 2568 additis
937 2501 1100 2568 cornibus
1113 2502 1268 2568 vaccinis
1280 2516 1316 2571 et

140 2609 291 2676 auribus.
321 2608 416 2692 Quin
433 2632 517 2675 vero
535 2612 574 2675 Io
591 2609 698 2675 etiam
715 2611 789 2674 sola
806 2608 840 2673 in
859 2608 961 2673 donis
978 2609 1080 2692 votis,
1096 2608 1172 2675 sive
1185 2609 1314 2676 tabulis

141 2714 216 2783 sive
231 2715 343 2801 signis
360 2727 395 2782 et
411 2715 546 2802 sigillis,
570 2739 674 2803 saepe
695 2714 814 2781 efficta
837 2714 891 2798 sit,
915 2714 1068 2781 dubitari
1092 2738 1163 2780 non
1187 2727 1312 2801 potest

141 2823 210 2892 Sed
221 2824 307 2888 haec
317 2825 498 2889 hactenus
522 2823 614 2890 Solis
626 2822 736 2909 igitur
746 2822 796 2888 eis
808 2820 922 2888 causis
936 2844 1025 2908 quae
1036 2845 1142 2909 supra
1155 2822 1315 2908 exposui-

140 2951 219 2995 mus
236 2929 419 3015 Supplices
436 2942 519 2996 ante
536 2932 785 2996 Prometheum
797 2931 918 2995 doctas
932 2951 1007 2995 esse
1019 2931 1136 2995 adhue
1149 2928 1313 3016 sequitur.

253 3035 387 3119 Quodsi
412 3038 455 3102 de
474 3037 672 3103 Promethei
698 3049 855 3123 tempore
879 3035 1088 3122 quaerimus,
1112 3035 1148 3102 in
1173 3039 1314 3103 easdem

142 3155 247 3229 atque
283 3143 318 3209 in
354 3144 431 3230 ipsa
458 3143 668 3232 Supplicnm
703 3145 823 3210 fabula
852 3142 1079 3210 difficultates
1110 3143 1313 3228 delabimur,

142 3273 353 3337 quamquam
383 3249 447 3316 viri
477 3249 570 3316 docti
601 3262 739 3338 tempus
769 3250 855 3317 satis
883 3262 1017 3316 certum
1046 3249 1224 3317 invenisse
1248 3249 1314 3316 sibi

142 3355 314 3424 videntur.
368 3360 417 3422 Ac
451 3369 531 3443 post
565 3357 632 3423 iter
659 3356 825 3442 Aeschyli
854 3356 1037 3426 Siciliense
1067 3361 1314 3423 Prometheum

144 3465 477 3550 compositam-esse
505 3476 644 3530 constat
679 3488 698 3530 e
732 3489 763 3530 v.
786 3469 850 3530 305
876 3488 917 3530 ss
969 3466 1061 3533 Ecce
1089 3467 1315 3532 cumulantur

143 3569 382 3637 difficultates:
423 3572 565 3657 quando
605 3571 699 3637 enim
734 3573 930 3656 Aeschylus
970 3571 1006 3636 in
1042 3570 1162 3639 Sicilia
1200 3573 1314 3656 fuerit,

143 3675 347 3762 ambigitur,
394 3679 455 3743 sed
500 3701 580 3742 cum
625 3678 827 3744 testimonio
871 3678 1164 3766 Eratosthenis⁹³)
1207 3677 1315 3743 fidem

143 3805 301 3850 recusare
324 3808 394 3850 non
420 3784 532 3868 liceat,
561 3809 655 3851 anno
684 3790 744 3849 471
772 3785 860 3851 illud
883 3785 950 3851 iter
976 3786 1180 3872 ponendum
1209 3786 1314 3872 est.⁹⁴)

254 3965 294 4050 ⁹³)
318 3971 417 4028 Schol.
440 3971 528 4028 Arist.
551 3972 627 4028 Ran.
653 3970 747 4031 1028.

255 4055 297 4139 ⁹⁴)
322 4059 389 4116 Non
422 4078 521 4135 aeque
555 4069 639 4123 certa
674 4061 773 4116 Weilii
805 4056 942 4141 (jormal
984 4061 1038 4116 des
1078 4060 1190 4116 Savans
1230 4059 1314 4120 1890

143 4167 172 4222 p.
188 4145 243 4223 53)
267 4149 442 4205 coniectura
466 4150 518 4228 qui
541 4150 766 4207 Wilamowitzio
791 4151 943 4205 adnuente
968 4147 1087 4224 (Herm.
1103 4148 1216 4205 XXXII
1240 4147 1313 4209 395.

142 4231 230 4317 Adn.)
254 4239 467 4294 Prometheum
502 4240 690 4313 tragoediam
724 4240 827 4296 fabula
858 4239 987 4312 satyrica
1009 4239 1200 4307 Prometheo,
1234 4256 1313 4312 quae

142 4343 203 4382 una
231 4344 299 4383 cum
324 4329 420 4384 Persis
449 4346 527 4385 anno
553 4327 617 4387 472
647 4329 736 4386 docta
766 4337 821 4396 est,
843 4327 974 4402 priorem
1004 4345 1070 4384 esse
1098 4345 1189 4402 posse
1213 4334 1313 4401 negat.
