3136 4914
670 268 890 356 ,12-

194 505 323 570 chorus
347 507 514 591 populare
538 505 679 592 aliquod
703 503 889 593 imperium
907 505 1046 573 indicat.
1095 509 1219 592 Itaque
1235 529 1276 573 eo
1292 506 1369 593 ipso

192 612 287 699 quod
327 634 400 678 rem
439 610 562 678 incerti
602 611 733 699 aliquid
777 613 906 679 habere
950 625 1108 699 apparet,
1153 615 1368 699 Aeschylum

195 729 326 785 certam
350 721 528 806 quandam
552 719 601 786 rei
617 718 779 806 publicae
794 721 943 786 formam
955 719 1132 808 publicam
1150 732 1233 787 ante
1249 723 1368 787 oculos

192 824 359 892 habuisse
382 824 456 894 veri
478 824 648 893 dissimile
672 838 732 893 est.
781 825 849 892 His
864 825 1046 913 perpensis
1070 829 1204 893 nullam
1225 827 1368 895 invenio

192 931 228 997 in
262 932 489 1019 Supplicibus
528 932 795 1000 similitudinem
828 934 876 999 rei
900 933 1062 1020 publicae
1093 956 1173 1000 cum
1205 957 1246 1001 ea
1279 957 1368 1021 quae

193 1038 299 1126 Argis
326 1039 402 1105 fuit.
450 1044 564 1107 Immo
592 1042 660 1106 hoc
683 1042 789 1107 modo
812 1041 941 1106 mirum
964 1040 1052 1106 illud
1077 1041 1230 1109 civitatis
1254 1064 1368 1128 genus

195 1148 287 1232 quod
312 1146 348 1213 in
374 1146 601 1235 Supplicibus
629 1159 683 1213 est
711 1170 789 1213 mea
813 1146 954 1234 quidem
979 1147 1155 1215 sententia
1180 1151 1369 1234 explanan-

192 1254 279 1318 dum
303 1265 363 1320 est.
411 1257 453 1321 In
476 1254 605 1321 fabulis
622 1253 716 1320 enim
733 1267 808 1321 erat
823 1277 885 1320 rex
901 1253 1111 1338 αὐτοκράτωρ
1127 1256 1367 1342 exemplisque
1411 1319 1414 1327 ,

193 1359 308 1427 allatis
342 1374 486 1448 apparet
518 1363 650 1428 lactum
680 1385 764 1445 esse,
795 1373 835 1426 ut
859 1385 920 1427 rex
952 1361 1056 1428 sicuti
1088 1361 1124 1427 in
1155 1360 1368 1427 carminibus

194 1466 392 1534 Homericis
408 1468 444 1535 in
461 1469 565 1535 rebus
578 1467 799 1554 gravioribus
812 1467 1046 1534 diiudicandis
1058 1470 1229 1555 populum
1242 1492 1368 1535 convo-

194 1586 294 1641 caret.
341 1574 515 1662 Tragicus
546 1588 665 1643 autem
697 1574 934 1659 Atheniensis
968 1598 1048 1642 cum
1081 1578 1233 1663 populus
1262 1577 1368 1642 Athe-

193 1679 370 1747 niensium
398 1695 564 1768 posceret,
594 1695 633 1749 ut
660 1683 781 1769 populi
811 1694 967 1769 potestas
996 1682 1166 1750 emineret
1190 1695 1252 1749 aut
1276 1695 1368 1749 certe

191 1791 281 1861 πόλις
308 1790 559 1873 ostenderetur,
588 1792 719 1876 populo
747 1792 900 1856 multum
934 1788 1065 1874 tribuit,
1098 1813 1217 1876 regem
1246 1790 1366 1877 populi

193 1893 362 1960 iudicium
391 1895 576 1963 aestimare
599 1895 726 1980 voluit3
755 1897 792 1962 id
816 1898 909 1983 quod
934 1919 1005 1963 non
1030 1898 1144 1963 solum
1168 1897 1204 1963 in
1230 1897 1368 1983 Suppli-

194 2003 292 2068 cibus
316 2013 469 2088 apparet,
498 2005 559 2069 sed
588 2003 694 2071 etiam
724 2003 760 2069 in
789 2004 942 2090 Septem,
977 2002 1037 2070 ubi
1067 2026 1129 2069 rex
1159 2007 1248 2071 πόλιν
1276 2005 1366 2070 tanti

193 2108 285 2192 lacit,
320 2121 360 2175 ut
383 2121 419 2177 et
441 2109 530 2177 mori
560 2123 595 2178 et
619 2111 739 2177 urbem
769 2134 907 2177 servare
930 2111 1025 2178 velit.
1071 2112 1123 2176 Ac
1147 2132 1192 2176 ne
1215 2109 1249 2176 in
1275 2113 1368 2195 Aga-

190 2238 380 2282 memnone
404 2217 545 2303 quidem
569 2220 721 2304 populus
744 2217 961 2304 neglegitur3
985 2219 1018 2284 cl
1051 2243 1081 2285 v.
1107 2223 1206 2286 84415
1307 2222 1313 2232 “

432 2363 469 2424 τὰ
494 2352 602 2425 δ’ἄλλα
625 2362 706 2443 πρὸς
729 2362 819 2425 πόλιν
841 2387 873 2425 τε
894 2363 948 2426 καὶ
971 2363 1067 2431 θεοὺς

431 2469 558 2539 κοινοὺς
581 2470 709 2550 ἀγῶνας
732 2470 841 2539 θέντες
866 2472 899 2532 ἕν
921 2471 1093 2552 πανηγύρει

431 2573 701 2659 βουλευσόμεσθα.

192 2719 235 2783 In
249 2714 508 2786 Eumenidibus
517 2738 601 2783 vero
613 2739 675 2782 rex
685 2716 831 2783 omnino
841 2719 953 2793 deest;
967 2715 1067 2782 cuius
1078 2717 1194 2781 locum
1207 2714 1366 2780 Minerva

192 2821 336 2891 obtinet.
384 2822 555 2891 Videmus
579 2823 690 2909 igitur
704 2834 854 2909 poetam,
879 2821 954 2890 sive
971 2819 1153 2909 tragoedia
1168 2819 1275 2908 Argis
1291 2820 1366 2888 sive

191 2929 325 2996 Thebis
342 2929 417 2996 sive
432 2930 583 2996 Athenis
607 2931 733 3017 agitur,
758 2930 851 2997 idem
867 2930 903 2996 id
919 2941 1107 3016 petentem,
1131 2939 1171 2995 ut
1186 2929 1366 3014 populum,

192 3047 368 3124 quatenus
379 3036 457 3104 lieri
469 3049 594 3123 potest,
607 3037 642 3104 in
657 3060 693 3103 re
705 3037 846 3123 publica
855 3036 1047 3123 plurimum
1057 3038 1174 3104 valere
1186 3035 1287 3102 dicat.
1312 3038 1366 3099 De

191 3167 275 3211 vero
288 3143 398 3232 igitur
409 3148 536 3212 harum
548 3167 664 3237 rerum
676 3143 896 3232 publicarum
908 3155 1003 3211 statu
1017 3166 1060 3209 ex
1073 3141 1265 3229 tragoediis
1277 3141 1365 3207 nihil

192 3250 273 3318 licet
308 3254 524 3319 concludere.
564 3255 680 3336 Quam
708 3251 861 3318 maxime
892 3262 1010 3318 autem
1040 3249 1076 3316 in
1105 3273 1155 3332 e0,
1184 3252 1277 3335 quod
1304 3271 1366 3314 rex

192 3356 379 3442 inducitur,
396 3359 456 3447 qui
475 3359 542 3426 nisi
558 3360 689 3446 populo
706 3359 861 3426 secundo
877 3357 967 3424 nihil
980 3379 1085 3443 agere
1097 3357 1184 3440 vult,
1200 3353 1365 3438 Aeschyli

192 3465 377 3555 Supplices
406 3489 486 3532 cum
510 3465 691 3553 Euripidis
719 3465 847 3532 fabulis
871 3476 906 3531 et
929 3462 1115 3549 Sophoclis
1139 3460 1314 3548 Oidipode
1337 3465 1365 3545 ff

193 3571 366 3659 congruit.
409 3577 460 3640 Ac
484 3573 563 3641 talis
588 3597 648 3640 rex
671 3574 802 3660 populo
826 3575 949 3639 favens
965 3570 1035 3637 iam
1052 3581 1135 3637 ante
1152 3570 1366 3653 Aeschylum

194 3678 493 3747 Pisistratidarum
518 3678 734 3768 temporibus
749 3679 911 3745 Theseus
924 3677 1045 3745 haberi
1058 3675 1209 3744 Athenis
1222 3687 1367 3762 coeptus

194 3789 305 3873 est.²⁰)
353 3789 407 3854 Ab
431 3787 538 3854 huius
561 3786 672 3873 regni,
696 3810 768 3853 non
785 3808 889 3852 verae
905 3784 1118 3871 Argivorum
1142 3783 1190 3850 rei
1207 3783 1368 3870 publicae

193 3917 206 3924 μ
212 3919 229 3924 ...
236 3919 313 3925 ..Μ-.-
319 3918 406 3924 .--.-.-

302 3991 340 4068 2⁰)
364 3992 409 4049 Cs.
433 3993 467 4053 E.
492 3993 605 4066 Meyer.
633 3990 745 4048 Gesch.
773 3991 802 4046 d.
825 3990 929 4048 Altert.
952 3988 980 4046 ll
1005 3987 1079 4048 775.
1128 3990 1215 4045 Paus.
1239 3987 1261 4043 I.
1285 3986 1315 4053 3,
1338 3984 1367 4045 2.

166 4104 169 4110 ·
191 4080 358 4161 κεχώρηκε
387 4079 421 4141 δὲ
444 4081 535 4161 φιιιιιι
559 4078 613 4140 καὶ
635 4077 739 4146 ἄλλως
761 4077 793 4146 ἒς
807 4075 880 4145 τοὺς
901 4074 1036 4144 πολλοὺς
1059 4076 1105 4145 ὡς
1125 4073 1249 4157 Θησεὺς
1263 4094 1367 4152 παρα-

193 4168 262 4250 δοίη
301 4166 338 4230 τὰ
368 4169 538 4249 πράγματα
571 4171 615 4252 τῷ
648 4166 743 4248 δήμῳ
770 4166 823 4228 καὶ
855 4166 901 4236 ὡς
929 4165 964 4238 ἐξ
990 4165 1110 4228 ἐκείνου
1146 4161 1367 4246 δημοκρατού-

190 4279 279 4338 μενοι
315 4257 513 4338 διαμείναιεν,
548 4257 621 4336 πρὶν
649 4258 667 4336 ι”ι
703 4253 926 4334 Πεισίστρατος
958 4253 1164 4336 ἐτυράννησεν
1185 4251 1369 4316 ἐπαναστάς.
