3136 4914
653 335 875 404 ..35-

174 570 254 614 cum
288 548 454 634 Aeschyli
493 550 610 616 verbis
648 550 777 615 mirum
809 550 854 616 in
892 550 1039 616 modum
1077 549 1254 616 consentit
1289 553 1350 614 Ius

173 656 301 742 figura,
341 678 431 741 quae
466 655 501 722 in
537 680 621 723 vase
657 657 873 723 Bostoniano
913 655 1052 742 depicta
1087 656 1202 744 est⁶⁹):
1241 678 1350 722 vacca

173 761 306 829 scilicet
342 772 448 849 caput
482 762 653 830 muliebre
689 775 876 830 cornutum
913 786 1048 849 gerens.
1108 767 1232 849 Itaque
1271 784 1351 828 con·

174 871 390 936 cludendum
410 882 464 937 est
486 869 581 937 vasis
605 870 699 936 illius
722 871 892 956 pictorem
916 870 975 956 qui
1000 881 1125 957 quarto
1149 871 1288 936 saeculo
1311 867 1348 934 in

176 980 309 1063 Magna
333 977 483 1043 Graecia
506 976 675 1044 fabricam
699 977 832 1060 habuit,
856 977 1086 1044 vetustiorem
1110 981 1171 1042 Ius
1186 977 1349 1063 figuram,

143 1147 146 1155 .
173 1106 263 1169 quae
297 1083 368 1150 iam
396 1085 572 1169 Aeschylo
606 1097 691 1151 nota
726 1095 808 1167 erat,
843 1083 1022 1150 imitatum
1057 1106 1141 1150 esse.
1193 1083 1349 1150 Omnino

175 1200 294 1256 autem
328 1189 366 1256 in
399 1191 466 1257 hac
501 1191 707 1276 quaestione
746 1190 922 1276 imagines
957 1194 1017 1256 Ius
1057 1191 1350 1277 contemplandae

175 1307 267 1363 sunt.
314 1301 408 1362 Nam
444 1297 654 1384 comparatis
689 1297 774 1363 artis
808 1297 1049 1364 monumentis
1080 1295 1279 1362 Promethei
1314 1308 1350 1362 et

174 1403 384 1492 Supplicum
408 1415 567 1492 tempora
582 1405 648 1470 viri
666 1405 759 1471 docti
776 1404 933 1471 stabilire
950 1403 1066 1471 conati
1082 1415 1173 1470 sunt.
1214 1404 1350 1469 Multus

175 1510 244 1576 luit
266 1509 303 1576 in
329 1512 395 1576 hoc
419 1511 537 1577 studio
562 1511 889 1600 Engelmannusw),
913 1509 1067 1578 vasculis
1091 1533 1176 1576 usus
1201 1509 1347 1596 Hoppin

174 1619 360 1704 quoque71)
386 1629 544 1704 tempora
567 1617 776 1703 Supplicum
799 1617 960 1684 invenire
975 1617 1120 1684 studuit
1168 1616 1238 1701 Qui
1263 1640 1349 1684 vasa

172 1722 208 1790 in
245 1723 372 1811 quibus
408 1747 488 1791 cum
523 1724 592 1790 alia
627 1726 724 1791 Ionis
758 1727 832 1791 lata
860 1735 936 1790 tum
966 1724 1055 1810 Argi
1086 1723 1265 1811 oppressio
1293 1725 1350 1790 de-

170 1830 340 1918 pingitur,
369 1831 406 1897 in
436 1833 523 1897 duas
552 1833 681 1898 classes
710 1832 883 1898 dividunt.
894 1833 933 1918 ⁷²)
985 1834 1144 1914 Quarum
1172 1831 1209 1896 in
1239 1831 1349 1897 altera

171 1937 298 2024 figuris
331 1937 445 2024 nigris
481 1950 517 2005 et
551 1939 732 2004 nonnullis
767 1937 919 2006 vasculis
958 1937 1086 2025 liguris
1120 1937 1234 2003 rubris
1274 1949 1349 2004 arte

172 2045 345 2112 severiore
372 2057 509 2128 ornata,
547 2049 586 2112 Io
614 2068 721 2112 vacca
750 2057 816 2128 est,
852 2045 887 2110 in
918 2046 1027 2111 altera
1055 2046 1174 2127 classe,
1209 2044 1245 2109 in
1279 2067 1348 2131 qua

172 2175 257 2219 vasa
273 2152 387 2219 rubris
408 2151 535 2239 liguris
559 2163 633 2219 arte
654 2151 845 2238 posteriore
865 2163 989 2218 omata
1009 2162 1101 2234 sunt,
1126 2155 1165 2216 Io
1185 2155 1350 2239 βούκερως

171 2259 336 2348 παρθένος
370 2271 435 2341 est;
478 2258 612 2326 accedit
646 2259 733 2325 illud
771 2260 954 2324 vasculum
987 2261 1220 2345 μειξόμβροτον
1253 2262 1349 2343 donov

172 2365 344 2432 exhibens
378 2368 421 2432 de
457 2389 525 2453 quo
561 2368 666 2432 modo
702 2365 786 2433 dixi.
849 2368 937 2432 Inde
971 2367 1255 2451 Engelmannus,
1288 2367 1348 2452 qui

172 2470 365 2540 Christium
400 2484 542 2539 secutus
576 2474 825 2540 Prometheum
860 2495 953 2538 anno
988 2477 1051 2538 468
1094 2474 1234 2538 doctam
1273 2495 1349 2539 esse

171 2589 286 2665 putat,
320 2580 420 2663 haec,
456 2592 496 2646 ut
530 2580 641 2666 ipsius
675 2579 792 2647 verbis
827 2591 920 2662 utar,
959 2579 1151 2645 concludit:
1200 2578 1278 2662 „Bis
1309 2580 1347 2645 in

173 2684 229 2751 die
253 2685 356 2753 Mitte
380 2688 441 2752 der
464 2685 635 2772 siebziger
650 2687 760 2770 Jahre
783 2688 845 2751 des
869 2691 897 2751 5.
915 2686 1176 2770 Jahrhunderts
1196 2685 1283 2751 vvird
1308 2689 1347 2751 Io

172 2815 240 2857 nur
263 2795 314 2859 als
339 2793 424 2859 Kuh
449 2794 668 2879 dargestellt3
693 2793 782 2858 nach
806 2794 867 2858 der
882 2792 1116 2878 Vorliihrung
1132 2793 1193 2857 des
1212 2795 1348 2857 Prome-

173 2899 276 2967 theus
313 2901 476 2987 dagegen
512 2899 687 2966 erscheint
722 2903 761 2965 Io
789 2922 857 2964 nur
885 2901 936 2965 als
964 2902 1132 2986 βούκερως
1160 2899 1346 2984 παρθένος

172 3005 346 3072 zwischen
386 3007 488 3073 beide
527 3007 958 3094 Darstellungsweisen73)
997 3005 1135 3071 schiebt
1172 3004 1247 3070 sich
1291 3006 1348 3071 die

173 3112 441 3200 Mischbildung
464 3112 560 3179 einer
584 3114 670 3178 Kuh
693 3113 759 3180 mit
774 3111 1031 3178 menschlicher
1046 3117 1207 3198 προτομή.
1256 3116 1347 3177 Dass

172 3223 281 3286 sehon
306 3244 370 3307 vor
393 3222 589 3305 Aeschylus
614 3220 670 3286 die
693 3221 931 3286 menschliche
955 3219 1111 3305 Bildung
1140 3221 1200 3284 der
1224 3223 1263 3284 Io
1291 3221 1348 3284 be·

172 3328 321 3394 standen
351 3329 466 3394 haben
496 3330 602 3411 kann,
638 3328 684 3394 ist
712 3351 836 3414 wegen
867 3330 928 3393 der
961 3326 1165 3412 Gleichung
1192 3325 1258 3391 mit
1286 3327 1347 3391 der

172 3433 402 3520 {igyptischen
439 3435 505 3500 Isis
538 3437 750 3520 zuzugeben.
797 3439 912 3502 Wenn
948 3457 1030 3500 man
1065 3434 1147 3499 aber
1181 3433 1348 3515 bedenkt,

171 3540 253 3606 dass
277 3542 338 3607 der
352 3543 515 3610 Wechsel
540 3541 575 3606 in
599 3543 660 3607 der
677 3540 1031 3626 Darstellungsweise
1054 3541 1115 3606 der
1139 3543 1178 3605 Io
1203 3540 1349 3606 chrono-

287 3761 326 3835 69)
350 3763 441 3830 Quod
465 3763 579 3838 publici
604 3763 674 3819 iuris
698 3762 770 3819 fecit
789 3761 1029 3837 Engelmannus:
1053 3763 1153 3836 Jahrb.
1171 3761 1199 3816 d.
1216 3761 1348 3816 archaol.

173 3849 268 3913 Instit.
293 3851 394 3907 XVIII
417 3848 548 3933 (1903);
574 3851 712 3908 conferas
736 3852 827 3907 etiam
852 3852 963 3908 Preller
986 3851 1110 3924 Mythol.
1127 3849 1171 3905 11²
1196 3847 1248 3907 40.

285 3934 327 4021 ⁷⁰)
350 3941 479 4000 Dissert.
504 3941 593 3997 Halle
620 3938 702 4000 1868
736 3940 784 3996 De
820 3939 909 4004 Ione;
950 3940 1031 4014 apud
1055 3939 1191 3995 Roscher
1217 3937 1287 3997 Iex.
1318 3938 1346 3993 d.

171 4027 295 4102 Mythol.
316 4048 339 4086 s.
354 4048 381 4085 v.
404 4030 447 4086 Io.
471 4030 559 4086 Arch.
588 4030 684 4100 lahrb.
711 4027 802 4088 1903.

285 4111 327 4197 ⁷¹)
351 4118 489 4175 Harvard
511 4119 631 4175 Studies
658 4117 752 4186 1901,
775 4116 849 4177 335.
1085 4174 1089 4183 ,

286 4206 328 4284 72)
352 4208 435 4264 idem
458 4207 531 4264 lacit
554 4207 717 4264 Overbeck
740 4207 1020 4280 Kunstmythologie
1045 4205 1082 4261 II.
1106 4204 1180 4265 465.

285 4290 328 4378 73)
344 4297 412 4352 Hoc
425 4295 500 4352 falso
511 4296 750 4372 Engelmannum
764 4296 948 4352 contendere
962 4313 979 4351 e
991 4294 1188 4368 sequentibus
1201 4292 1345 4350 elucebit.

1240 4419 1283 4461 III*
