3136 4914
724 342 765 356 ..
814 305 944 371 74--

252 521 490 602 observentur,
513 530 682 605 precetur,
706 517 839 586 scilicet
857 517 969 586 uthis
985 517 1202 586 conservatis
1217 542 1272 586 res
1287 517 1428 608 publica

251 628 341 697 bene
351 625 545 693 constituta
554 625 601 691 sit
610 625 777 714 etArgivi
786 628 870 692 deos
878 624 914 692 in
922 635 1102 713 posterum
1110 626 1427 714 quoquepropitios

251 734 414 800 habeant.
448 736 504 798 Ne
519 757 550 798 v.
564 737 628 799 698
642 755 684 798 ss
707 732 849 819 quidem
865 754 1008 798 necesse
1024 743 1078 798 est
1094 732 1137 797 de
1154 732 1427 799 Atheniensium

252 862 288 905 re
322 838 463 925 publica
499 837 608 925 accipi
648 850 684 905 et
723 837 982 906 admonitiones
1013 839 1291 906 Atheniensibus
1326 841 1428 907 datas

250 946 390 1016 sentire.
436 949 532 1013 Nam
554 957 679 1033 poetae
702 944 790 1012 illud
814 958 928 1031 genus
951 945 1001 1012 rei
1024 945 1186 1032 publicae
1206 957 1290 1013 ante
1306 948 1428 1013 oculos

252 1064 420 1135 versatur,
442 1053 486 1120 de
504 1048 574 1140 quo
592 1052 866 1139 supradiximus
888 1053 930 1139 (p.
948 1059 982 1117 11
1000 1055 1045 1140 s).
1060 1052 1062 1055 ’
1077 1053 1223 1120 Accedit
1240 1055 1335 1140 quod
1350 1077 1428 1121 sen·
1471 1127 1474 1130 ,

253 1159 365 1227 tentia
381 1159 581 1247 insequenti
593 1162 710 1226 denuo
720 1158 934 1247 Argivorum
946 1159 1160 1226 beneficium
1171 1161 1207 1226 in
1220 1160 1428 1227 memoriam

251 1278 443 1334 revocatur.
479 1267 537 1335 Sic
561 1278 602 1333 ut
624 1267 727 1333 nobis
751 1265 969 1355 supplicibus
993 1269 1141 1333 tutelam
1165 1267 1427 1355 praestiterunt,

252 1376 380 1441 chorus
392 1373 516 1460 inquit,
527 1374 672 1441 omnino
684 1374 866 1461 hospitum
878 1373 955 1440 iura
968 1373 1162 1441 aestiment.
1188 1376 1292 1458 Quod
1307 1387 1428 1442 autem

252 1482 538 1569 interpretatores
565 1480 722 1568 plerique
751 1483 794 1547 ad
823 1483 889 1547 hos
912 1503 1040 1572 ‘versus
1068 1483 1310 1568 explanandos
1338 1484 1429 1554 δίκας

254 1579 320 1655 ἀπὸ
348 1587 521 1673 ξομβόλων
553 1601 588 1654 et
622 1600 725 1674 pacta
760 1588 852 1655 inter
890 1587 1051 1655 civitates
1082 1590 1175 1654 lacta
1213 1587 1427 1672 adscribunt,

200 1771 202 1774 .
253 1717 553 1783 supervacaneum
582 1705 643 1761 est.
696 1694 850 1760 Primum
886 1694 980 1760 enim
1013 1706 1115 1781 pacta
1147 1694 1219 1778 illa,
1253 1706 1428 1781 quatenus

252 1800 355 1868 nobis
376 1801 464 1868 scire
479 1800 633 1888 licet¹⁴⁸)‚
657 1802 822 1886 Aeschyli
846 1801 1073 1888 Supplicibus
1097 1801 1251 1867 iuniores
1274 1804 1426 1868 fuerunt.

253 1909 392 1975 Deinde
415 1907 473 1975 hic
496 1909 641 1976 omnino
664 1932 735 1975 non
761 1911 805 1975 de
828 1908 949 1995 pactis
981 1930 1070 1995 quae
1094 1907 1186 1975 inter
1210 1920 1322 1976 certas
1346 1909 1429 1976 civi-

254 2027 345 2083 tates
369 2026 616 2099 convenerant‚
640 2016 767 2103 agitur,
792 2017 853 2082 sed
878 2017 921 2081 de
944 2015 1014 2081 illis
1037 2015 1185 2102 legibus,
1215 2038 1305 2103 quae
1328 2022 1429 2085 κοινοὶ

252 2131 312 2214 τῆς
342 2123 496 2204 Ἑλλάδος
529 2127 623 2208 νόμοι
662 2126 881 2190 vocabantur
916 2133 951 2189 et
985 2122 1154 2206 interea
1190 2134 1298 2207 erant,
1338 2146 1428 2210 quae

252 2234 345 2315 νόμοι
370 2235 510 2320 ἄγραφοι
533 2231 741 2297 dicebantur
764 2240 799 2297 et
815 2230 869 2296 dis
886 2229 1087 2296 auctoribus
1105 2229 1350 2298 tribuebantur
1359 2233 1427 2318 ¹⁴⁹);

253 2359 326 2403 non
351 2348 425 2404 tam
440 2337 625 2403 hominum
641 2339 781 2404 foedera
805 2338 866 2403 sed
890 2359 931 2402 ea
946 2349 1132 2425 praecepta
1149 2360 1239 2424 quae
1254 2337 1308 2404 dis
1324 2360 1430 2406 curae

254 2455 346 2527 sunt,
377 2445 505 2510 chorus
533 2442 710 2511 observari
738 2443 846 2510 iubet.
894 2445 983 2510 Cum
1011 2444 1067 2510 his
1094 2444 1199 2511 iussis
1227 2447 1384 2512 conferas
1407 2471 1430 2512 a

254 2551 371 2619 Furiis
395 2563 536 2619 cantata
559 2551 673 2640 (Eum.
691 2551 768 2637 269)

260 2683 262 2687 ’
495 2669 571 2762 ὄψει
597 2679 631 2742 δὲ
654 2681 707 2742 κεῖ
723 2703 766 2748 τις
789 2679 881 2748 ἄλλος
904 2679 1003 2760 ἤλιτεν
1025 2681 1151 2763 βροτῶν

496 2790 515 2868 ἢ
539 2786 617 2850 θεὸν
640 2789 659 2867 ἢ
685 2787 775 2859 ξένον
797 2786 850 2847 τιν’
875 2786 1060 2866 ἀσεβοῦντες
1083 2789 1102 2867 ἢ

494 2901 611 2975 τοκῆας
634 2893 752 2975 φίλους,

253 3046 290 3100 et
313 3036 437 3101 eadem
460 3032 653 3119 amplificat
676 3034 778 3103 Eum.
796 3058 826 3098 v.
843 3037 1027 3099 538-549.
1075 3036 1117 3098 ln
1142 3056 1183 3115 eo
1206 3036 1361 3102 carmine
1384 3038 1429 3102 de

254 3163 324 3229 quo
347 3139 497 3228 agimus,
525 3162 605 3206 cum
633 3139 668 3205 id
696 3138 833 3206 iussum
859 3138 972 3226 primo
995 3140 1072 3206 loco
1095 3141 1252 3228 positum
1275 3142 1330 3226 sit,
1359 3166 1429 3230 quo

254 3250 439 3316 observato
455 3245 580 3334 Argivi
603 3258 780 3313 recentem
803 3247 945 3312 laudem
969 3244 1035 3313 sibi
1051 3260 1273 3335 paraverunt,
1296 3248 1430 3317 scilieet

255 3357 367 3423 tutela
404 3353 604 3441 hospitibus
643 3355 738 3436 data,
778 3365 892 3420 cetera
931 3355 1015 3419 duo:
1059 3354 1173 3442 pietas
1211 3378 1297 3442 erga
1335 3358 1428 3439 deos

253 3473 441 3548 parentum
465 3459 678 3527 verecundia
701 3462 793 3526 ultro
818 3461 1082 3546 subsequuntur
1105 3461 1187 3550 (ant.
1210 3460 1267 3545 δ’).

256 3609 469 3616 -—---——----·

366 3679 421 3759 148)
444 3682 479 3739 Ε,
495 3683 607 3756 Meyer,
630 3682 668 3740 G.
693 3683 721 3739 d.
744 3684 779 3738 A.
795 3683 824 3738 ll
847 3681 956 3758 3237.

366 3767 421 3851 14⁹)
446 3770 490 3828 Cf,
519 3771 619 3828 Hirzel
652 3764 769 3851 Νόμος
789 3757 959 3856 ’Ἀγραφος
987 3773 1137 3829 Abhandl.
1162 3773 1190 3830 d.
1213 3774 1367 3850 phil-hist
1390 3774 1430 3834 kl.

256 3862 284 3916 d.
308 3861 365 3934 kgl.
389 3861 485 3918 sdchs.
509 3859 677 3919 Gesellsch.
702 3862 730 3916 d.
746 3861 832 3918 Wiss.
860 3859 953 3920 1903.
976 3860 1041 3916 XX.
1068 3861 1095 3920 1.
1118 3882 1147 3936 ρ.
1165 3862 1206 3922 47
1231 3881 1269 3921 ss.

563 4119 564 4122 ,
684 4130 835 4151 ,ω’-4
964 4136 1001 4145 ω
