3136 4914
669 333 888 399 „42-

192 549 414 628 Christius95)
433 560 552 615 autem
568 549 658 614 fines
677 549 843 635 temporis
860 549 1083 634 angustiores
1096 547 1370 634 circumscripsit

190 659 275 721 dum
305 657 521 740 Aeschylum
553 678 632 721 cum
669 656 824 721 carmine
860 656 1001 722 Pindari
1032 657 1131 741 Pyth.
1154 660 1170 721 Ι
1196 661 1234 720 13
1257 679 1302 721 ss
1332 655 1367 720 in

191 764 420 829 describenda
443 767 578 828 Aetnae
601 763 785 848 eruptione
811 775 993 849 tantopere
1018 763 1216 829 consentire
1239 773 1368 845 monet,

190 883 230 936 ut
269 872 356 936 alter
395 871 438 935 ab
474 872 583 935 altero
622 893 692 935 non
729 872 881 956 pendere
917 894 987 936 non
1021 882 1148 956 posset.
1214 871 1368 936 Priorem

190 989 310 1043 autem
330 977 519 1044 Pindarum
543 1000 619 1042 esse
644 977 874 1043 demonstrari
898 998 1001 1062 posse
1017 976 1157 1062 putavit
1174 1001 1214 1042 ac
1232 982 1368 1044 Prome-

193 1087 325 1166 theum,
351 1087 577 1168 cuanytl1.l
602 1107 695 1150 anno
713 1090 777 1149 470
799 1084 1031 1168 compositum
1051 1095 1150 1166 esset,
1175 1096 1256 1171 post
1273 1086 1368 1150 hunc

193 1191 384 1257 terminum
418 1194 537 1257 datam
571 1215 653 1256 esse.
700 1194 795 1258 Ante
828 1214 931 1277 quem
968 1213 1101 1255 annum
1138 1193 1368 1259 Prometheus

192 1300 295 1364 docta
324 1298 382 1381 sit,
411 1298 749 1384 Wilamowitzius90)
779 1298 952 1364 Athenaei
985 1299 1073 1385 (XV.
1097 1301 1217 1383 674d)
1252 1299 1368 1367 verbis

192 1427 277 1470 usus
317 1407 556 1472 demonstrare
596 1416 754 1471 conatur:
802 1409 960 1489 Αἰσχύλος
1000 1408 1034 1469 ol
1073 1409 1106 1470 ἓν
1144 1417 1187 1494 τῷ
1225 1410 1368 1491 λυομένῳ

191 1514 367 1596 Προμηθεῖ
402 1521 517 1596 σαφῶς
556 1538 653 1596 φησιν
692 1516 737 1576 ὅτι
776 1514 826 1578 ἐπὶ
864 1522 935 1596 τιμῇ
975 1522 1029 1577 τοῦ
1067 1515 1278 1597 Προμηθέως
1315 1517 1369 1579 τὸν

193 1620 351 1708 στέφανον
381 1624 581 1703 περιτίθεμεν
603 1629 641 1704 τῇ
665 1622 795 1704 κεφαλῇ,
836 1623 994 1684 ἀντίποινα
1017 1628 1072 1685 τοῦ
1097 1623 1215 1685 ἐκείνου
1241 1624 1368 1704 δεσμοῦ,

191 1730 295 1792 καίτοι
319 1731 351 1791 ἓν
374 1737 410 1810 τῇ
435 1731 679 1811 ἐπιγραφομένῃ
704 1729 819 1810 Σφιγγὶ
843 1728 940 1791 εἰπὼν
964 1728 1041 1812 (frg.
1068 1731 1131 1792 235
1157 1729 1223 1814 N2)

405 1859 447 1941 τῷ
472 1856 506 1917 δὲ
530 1853 610 1940 ξένην
635 1879 668 1935 γε
691 1857 852 1935 στέφανον,
877 1855 1009 1935 ἀρχαῖον
1030 1855 1152 1935 στέφος,

407 1964 535 2044 θεσμῶν
559 1964 682 2047 ἄριστον
706 1959 740 2024 ἑκ
767 1961 977 2042 Προμηθέως
999 1961 1103 2041 λόγον.

193 2101 331 2184 Quibus
368 2103 527 2168 versibus
560 2102 743 2189 Sphingos
779 2125 872 2166 anno
902 2106 964 2167 467
999 2125 1069 2168 una
1099 2125 1178 2167 cum
1207 2103 1374 2190 „trilogia

192 2207 382 2274 Thebana“
407 2211 530 2274 doctae
553 2209 843 2276 Wilaniowitaius
868 2208 1067 2293 suspicatur
1090 2222 1231 2294 poetam
1251 2209 1369 2298 ipsum

193 2316 363 2401 respicere
399 2318 443 2381 ad
479 2338 579 2380 suam
605 2317 854 2380 Prometheum
880 2340 899 2380 a
924 2316 999 2380 ioco
1024 2339 1093 2381 non
1120 2318 1370 2384 abhorrentem

194 2434 234 2488 ut
272 2421 307 2486 in
349 2423 467 2488 fabula
508 2421 669 2506 satyrica.
729 2423 832 2505 Quod
868 2423 896 2487 si
932 2446 1055 2488 verum
1091 2436 1190 2506 esset,
1225 2424 1370 2512 trilogia

195 2530 415 2596 Prometheia
444 2553 537 2594 anno
567 2542 628 2596 aut
657 2534 720 2594 468
751 2541 812 2595 aut
842 2535 905 2594 469
941 2529 1092 2594 Athenis
1128 2532 1231 2596 docta
1267 2545 1369 2599 esset

192 2638 262 2705 Sed
301 2639 389 2703 haec
431 2637 631 2704 coniectura
670 2660 881 2723 quamquam
923 2638 1030 2702 habet
1069 2639 1161 2723 quod
1202 2637 1370 2723 adrideat‚

193 2767 315 2810 vereor
347 2757 387 2810 ut
422 2757 513 2810 stare
549 2745 669 2832 possit.
720 2749 811 2808 Nam
842 2745 1056 2828 Aeschylum
1093 2768 1164 2809 non
1194 2746 1237 2810 ad
1267 2769 1371 2812 suam

193 2851 348 2916 fabulam
378 2853 439 2916 sed
469 2854 512 2916 ad
537 2851 691 2917 Atticam
717 2853 894 2936 quandam
925 2850 1150 2917 traditionem
1173 2847 1370 2936 mythicam

194 2957 364 3042 respicere
388 2958 460 3023 veri
486 2969 539 3023 est
563 2958 719 3022 similius.
767 2962 862 3023 Nota
887 2957 980 3022 enirn
1006 2971 1079 3024 erat
1103 2959 1162 3024 illa
1179 2961 1223 3023 de
1240 2982 1370 3026 corona

196 3065 393 3130 Promethei
419 3065 582 3146 narrati0,
612 3088 680 3150 qua
705 3065 946 3151 explicabatur
971 3089 1031 3130 cur
1054 3065 1216 3131 homines
1241 3089 1370 3132 corona

194 3195 231 3236 se
267 3195 391 3237 ornare
426 3173 586 3237 solerent.
646 3174 761 3255 Quam
798 3171 1036 3238 narrationem
1075 3173 1221 3238 indicari
1262 3173 1369 3240 etiam

194 3279 321 3344 clarius
356 3280 399 3343 fit
434 3278 566 3364 optima
604 3279 735 3364 Heynii
773 3279 1031 3361 emendatione,
1077 3280 1135 3364 qui
1176 3303 1238 3364 pro
1273 3278 1370 3369 λόγον

193 3385 333 3471 scripsit
367 3389 473 3474 λέμου,
510 3410 578 3471 quo
615 3388 721 3452 verbo
758 3388 850 3471 apud
887 3387 1024 3451 Atticos
1059 3386 1175 3452 salicis
1211 3389 1368 3452 ramulus

195 3491 473 3577 significabatur,
498 3495 636 3579 qualem
664 3495 908 3558 Prometheum
929 3493 1146 3579 captivitatis
1162 3493 1368 3560 memoriam

196 3598 317 3664 tulisse
342 3612 415 3664 erat
439 3600 473 3664 in
500 3601 635 3666 fabulis
684 3604 763 3684 Qua
788 3600 986 3666 coniectura
1008 3600 1035 3666 si
1055 3600 1217 3685 Heynius
1234 3612 1368 3667 rectum

195 3705 292 3788 uidit,
317 3705 498 3772 vinculum
524 3708 609 3772 illud
635 3708 726 3773 inter
749 3707 912 3792 Sphinga
937 3719 971 3772 et
994 3709 1250 3791 Prometheum,
1276 3709 1368 3794 quod

195 3835 275 3877 cum
291 3813 581 3882 Wilamouitzius
598 3826 713 3880 vertat
733 3819 823 3896 „Der
840 3819 966 3896 Krana,
985 3813 1040 3879 die
1057 3816 1223 3880 schdnste
1240 3815 1368 3897 Fessel,

195 3918 260 3984 wie
279 3925 507 3988 Prometheus
525 3927 623 4007 sagt“
645 3924 718 3987 solo
736 3923 842 3988 verbo
859 3919 990 4009 ,λόγονιι
1007 3922 1200 4003 constabat,
1225 3920 1369 3987 omnino

196 4210 259 4270 226
310 4119 349 4203 ᾳ5)
374 4126 495 4184 Miinch.
519 4126 614 4182 Akad.
639 4123 857 4198 Sitzungs-Ber.
876 4121 959 4182 1888
977 4143 1006 4196 p.
1025 4121 1089 4182 367
1107 4141 1145 4178 ss.
1169 4123 1371 4182 Lit.-Gesch.⁴

285 4214 319 4267 Α.
339 4214 365 4274 l.

309 4298 351 4384 ⁹⁶)
368 4304 472 4361 Herm.
490 4305 574 4362 XXI.
596 4304 658 4364 609
685 4305 785 4360 adnot.
806 4302 910 4359 Herm.
927 4301 1040 4357 XXXII
1065 4300 1158 4361 1897.
1179 4299 1243 4361 395
1269 4303 1373 4360 adnot.
