3136 4914
671 333 884 400 „37-

183 569 266 614 cum
281 550 459 633 κλῃδοῦχος
476 547 583 615 etiam
599 548 635 613 in
654 549 797 615 vasculo
814 546 869 632 sit,
884 572 956 615 non
973 548 1121 632 dubitat,
1145 548 1230 637 quin
1247 550 1360 637 pictor

182 653 350 739 Aeschyli
374 655 530 720 fabulam
554 666 637 721 ante
661 656 781 721 oculos
804 654 976 722 habuerit.
1012 657 1112 722 Idem
1135 655 1359 725 crediderunt

184 761 357 827 Mellenus
374 772 410 827 et
426 762 706 847 Eugelmannus.
741 761 939 833 Leyidense
955 764 1146 829 admodum
1161 762 1357 831 vinculum!

182 869 276 954 quod
306 867 453 936 minime
484 869 589 954 cogit,
627 880 668 935 ut
688 868 772 936 huic
803 870 947 937 vasculo
976 869 1194 956 tragoediam
1215 871 1359 937 subesse

182 984 388 1042 statuamus.
437 975 538 1042 Facit
561 976 656 1042 enim
680 988 803 1042 contra
826 988 937 1043 artem
961 976 1217 1064 interpretandi
1234 988 1359 1065 putare
1391 993 1394 999 ·

183 1083 305 1148 Ionem
328 1081 383 1149 bis
408 1105 485 1149 esse
508 1082 691 1169 depictam.
731 1086 846 1149 Immo
869 1084 1025 1150 fabulam
1044 1085 1189 1150 subesse
1204 1094 1358 1150 statuen-

182 1188 268 1255 dum
291 1199 353 1271 est,
381 1187 418 1254 in
443 1193 576 1275 qualo
599 1212 671 1254 non
696 1191 858 1256 sacerdos
876 1188 1024 1256 Iunonis
1048 1201 1131 1273 erat,
1155 1201 1196 1256 ut
1218 1189 1255 1256 in
1281 1195 1360 1256 Pro-

181 1296 323 1361 metheo
339 1295 513 1380 Aeschyli.
554 1297 603 1366 Et
626 1296 655 1361 si
680 1296 841 1362 sacerdos
865 1296 925 1362 illa
949 1300 988 1363 Io
1012 1308 1112 1380 esset,
1136 1297 1225 1362 nihil
1250 1298 1360 1362 lucra·

182 1423 311 1485 remur,
357 1405 450 1489 quod
492 1403 527 1469 in
567 1402 829 1470 narrationibus
868 1402 1046 1489 epicorum
1085 1403 1281 1471 carminum
1319 1406 1358 1468 Io

181 1509 342 1575 sacerdos
378 1508 466 1576 luit:
491 1501 646 1589 Ἡσίοδος
676 1511 712 1577 δὲ
744 1513 797 1576 καὶ
832 1501 1043 1583 >Ακουσίλαος
1069 1518 1235 1597 Πειρῆνος
1263 1513 1360 1594 αὐτήν

64 1630 67 1635 “
179 1615 267 1720 (scil.
291 1616 427 1707 Ionem)
451 1620 654 1706 quaerelam.
700 1620 820 1706 ταύτην
844 1614 1023 1708 ἱερωσύνην
1038 1611 1209 1705 ’τῆςἭρας
1223 1621 1361 1702 ἔχουσαν

181 1727 264 1805 Ζεὺς
292 1724 481 1814 ἔφθειρεη).
529 1724 719 1790 Connexus
751 1722 862 1809 igitur
890 1745 994 1809 quem
1024 1725 1296 1810 Engelmannus
1324 1733 1360 1789 et

182 1829 328 1918 Hoppin
358 1829 450 1895 inter
472 1829 638 1914 Aeschyli
666 1831 803 1896 fabulas
836 1840 872 1894 et
905 1829 989 1896 artis
1023 1842 1256 1897 monumenta
1283 1852 1360 1896 esse

183 1938 449 2019 contenderunt,
473 1939 540 2002 hac
564 1935 872 2022 argumentatione
895 1935 1040 2002 omnino
1065 1936 1221 2003 solvitur.

288 2043 395 2111 Bovis
412 2043 506 2110 eninr
530 2045 678 2109 formam
703 2046 742 2108 Io
766 2042 802 2107 iu
827 2042 921 2108 vasis
945 2042 1057 2128 nigris
1073 2042 1201 2129 liguris
1225 2042 1358 2109 omatis

182 2173 319 2238 semper
334 2151 442 2217 habet
451 2155 492 2232 ⁷⁷)
509 2161 689 2237 praeterea
705 2150 811 2216 etiam
837 2147 874 2214 in
891 2150 985 2216 vasis
1005 2148 1217 2237 quibusdam
1232 2149 1358 2236 liguris

183 2257 296 2325 rubris
320 2256 504 2338 ornatis78).
541 2256 646 2323 Bovis
670 2259 782 2323 forma
804 2259 929 2343 mytho
953 2256 1082 2324 tradita
1105 2280 1169 2323 suo
1185 2259 1262 2323 loco
1278 2268 1360 2339 erat,

182 2364 211 2431 si
240 2387 260 2430 e
288 2386 325 2429 re
353 2364 491 2449 depicta
516 2364 637 2430 statim
661 2366 853 2450 apparebat
875 2365 940 2430 sub
966 2387 1072 2430 vacca
1096 2367 1220 2431 lonem
1243 2366 1358 2430 latere.

185 2473 410 2557 Quamquam
433 2471 491 2536 hic
515 2472 641 2535 modus
665 2471 837 2558 pingendi
863 2473 906 2537 ab
931 2470 1062 2537 usitata
1085 2471 1170 2537 artis
1194 2470 1361 2557 antiquae

183 2578 318 2645 ratione
342 2577 377 2642 in
401 2576 745 2662 metamorplrosibus
772 2577 964 2665 pingendis
992 2577 1129 2644 alienus
1158 2589 1218 2644 est
1266 2580 1359 2643 Nam

183 2683 219 2750 in
244 2695 319 2751 arte
342 2683 488 2770 antiqua
511 2683 541 2749 si
564 2685 682 2770 plures
706 2685 1006 2769 metamorphoses
1030 2683 1187 2750 celeriter
1211 2707 1248 2751 se
1269 2684 1360 2750 exci-

182 2790 294 2878 piunt,
326 2793 395 2857 hae
424 2813 547 2857 omnes
575 2790 680 2856 simul
711 2792 826 2857 solent
848 2789 959 2876 pingi,
997 2793 1096 2858 velut
1118 2790 1244 2858 Thetis
1277 2813 1358 2856 cunr

185 2901 287 2966 Peleo
315 2901 454 2965 luctans
487 2897 591 2964 simul
619 2896 779 2984 pluribus
807 2897 934 2984 figuris
969 2897 1209 2984 effingitur⁷⁹);
1240 2899 1301 2963 sed
1330 2896 1359 2962 si

183 3006 288 3073 homo
316 3017 475 3072 mutatus
506 3005 542 3070 in
575 3005 848 3091 metamorphosi
880 3017 1093 3093 perseverat,
1127 3029 1182 3071 ars
1213 3003 1359 3090 antiqua

182 3113 350 3180 monstris
378 3112 498 3195 utitur,
527 3111 563 3178 in
592 3112 720 3198 quibus
748 3125 866 3199 partes
894 3113 1057 3179 beluinae
1086 3135 1166 3178 cum
1194 3111 1360 3177 humanis

182 3219 315 3286 mixtae
344 3230 435 3302 sunt,
464 3221 563 3285 velut
591 3218 676 3285 socii
701 3218 817 3287 Ulixis
841 3219 877 3284 in
902 3221 1023 3286 beluas
1051 3218 1179 3285 mutati
1207 3219 1361 3304 pingun-

185 3330 297 3404 tur⁸⁰).
332 3325 435 3392 Talia
454 3335 612 3392 monstra
636 3325 861 3392 orientalium
873 3328 1083 3413 populorum
1096 3324 1162 3392 arti
1175 3324 1211 3390 in
1225 3323 1359 3391 deliciis

183 3435 338 3515 fuerunt3
363 3456 428 3498 nec
451 3455 522 3497 non
545 3433 588 3498 ab
611 3456 651 3498 ea
676 3444 750 3499 arte
770 3433 885 3499 aliena
905 3435 1057 3515 luerunt,
1081 3455 1171 3519 quae
1191 3430 1361 3517 proximis

292 3665 334 3746 ⁷⁶)
358 3671 455 3745 Apoll.
478 3670 515 3727 H.
543 3671 568 3729 l.
592 3669 622 3730 3.

293 3759 331 3832 77)
356 3758 476 3833 Effigies
500 3762 539 3816 ad
563 3758 668 3817 Ionem
692 3767 865 3834 spectantes
889 3759 1111 3833 Engelmannus
1136 3759 1307 3833 composuit
1329 3758 1360 3815 iu

184 3848 273 3905 Arch.
292 3849 446 3923 Jahrbuch
473 3847 511 3907 18
536 3842 654 3928 (1903)
677 3868 706 3923 p.
729 3848 816 3908 5lss.
872 3848 1018 3923 Exempla
1046 3848 1127 3905 Ionis
1157 3847 1243 3904 bovis
1269 3846 1360 3921 nigris

184 3937 283 4012 figuris
307 3937 366 3994 vid.
388 3955 436 4011 ap.
452 3936 588 4012 Engelm.
608 3938 626 3998 9
645 3948 675 3995 et
694 3936 743 3999 10.

296 4025 337 4100 78)
361 4027 418 4100 Ap.
441 4025 577 4102 Engelm.
604 4026 741 4085 10-14.

293 4109 336 4196 79)
360 4115 429 4171 Vid.
447 4134 495 4190 ap.
512 4115 667 4172 Graefium
690 4116 721 4171 in
744 4116 838 4172 Arch.
854 4115 957 4189 Jahrb.
969 4115 991 4172 l.
1019 4113 1102 4174 1887
1126 4134 1156 4188 p.
1175 4112 1234 4172 201
1246 4131 1284 4174 ss.

293 4203 334 4282 80)
357 4204 424 4264 Vid.
447 4223 495 4279 ap.
522 4204 653 4261 Boltium
681 4205 720 4261 de
752 4204 955 4261 monumentis
990 4204 1029 4259 ad
1065 4203 1235 4277 Odysseam
1269 4201 1361 4276 perti·

189 4293 339 4351 uentibus.
362 4292 441 4350 Diss.
476 4293 575 4349 Berlin
602 4291 685 4353 1882
710 4312 739 4367 p.
756 4292 797 4353 38
811 4311 849 4353 ss.
