3136 4914
674 381 894 450 ..46-

191 619 371 664 remanere
388 622 446 664 eas
464 597 589 684 Argivi
606 596 770 680 sinerent,
792 597 827 662 id
844 600 1024 683 agebatur.
1061 599 1231 681 ‘Quorum
1248 608 1375 662 tamen

191 717 296 790 poeta
312 704 401 770 nihil
419 704 540 787 voluit,
558 704 724 770 nimirum
741 706 834 790 quod
852 706 958 770 domu
976 704 1135 770 scaenica
1147 705 1308 769 nondum
1320 704 1385 769 in·

192 822 300 879 venta
316 835 387 878 non
404 811 534 897 potuit,
551 811 670 897 itaque
686 812 721 877 in
740 834 799 877 ara
815 812 876 877 illa
892 823 928 878 et
942 816 1038 895 πάγῳ
1054 809 1238 897 acquievit
1275 815 1380 876 Bene

194 919 394 1004 ceteroquin
411 929 516 1004 poeta
528 920 645 983 locum
658 917 768 1003 elegit
779 917 936 983 medium
952 918 1044 985 inter
1059 917 1156 984 urbis
1169 919 1319 983 tutelam
1337 929 1375 984 et

192 1024 349 1091 hostium
382 1024 554 1110 impetum
585 1024 701 1091 situm.
757 1028 808 1090 Ac
842 1048 887 1091 ne
920 1037 1055 1091 ceterae
1088 1024 1230 1111 quidem
1262 1023 1374 1090 huius

194 1130 356 1218 trilogiae
372 1133 513 1198 fabulae
529 1133 674 1197 domum
691 1131 888 1198 scaenicam
900 1133 1116 1215 habuerunt3
1133 1153 1216 1197 nam
1229 1133 1383 1217 Aegyp--

194 1237 262 1304 tios
298 1240 419 1305 eodem
455 1241 531 1304 loco
567 1262 608 1305 ac
631 1237 826 1326 Supplices,
862 1240 1041 1305 Danaides
1065 1238 1100 1304 in
1126 1242 1209 1320 foro,
1241 1237 1302 1303 ubi
1329 1239 1376 1304 de

195 1349 448 1431 Hypermestra
482 1343 652 1434 iudicium
679 1347 856 1411 ferebatur
866 1348 928 1429 ¹⁰⁴),
964 1357 1061 1413 actas
1089 1367 1165 1411 esse
1191 1367 1262 1410 non
1295 1344 1381 1410 sine⁴

193 1451 352 1526 veritatis
376 1452 491 1538 specie
516 1452 673 1518 conicere
696 1474 892 1539 possumus
941 1456 1058 1537 Quare
1082 1453 1174 1518 hanc
1191 1451 1375 1538 trilogiam

195 1570 277 1624 ante
302 1582 465 1625 scaenam
489 1559 672 1626 inventam
696 1561 836 1626 doctam
860 1583 937 1626 esse
961 1570 1106 1627 constat

301 1670 378 1732 Nec
405 1666 524 1732 minus
552 1667 720 1752 antiquus
748 1668 889 1733 fabulae
919 1678 1033 1733 status
1062 1665 1222 1749 elucebit,
1246 1666 1275 1732 si
1299 1667 1375 1732 iam

196 1774 240 1838 de
255 1785 415 1839 actorum
431 1795 498 1838 usu
516 1773 679 1839 dicemus
706 1776 855 1840 Duobus
872 1773 966 1839 enim
983 1773 1159 1839 actoribus
1174 1773 1392 1858 Aeschylus:

194 1902 280 1946 usus
315 1892 368 1946 est
402 1880 438 1945 in
475 1880 541 1947 hac
576 1881 696 1947 labula
731 1891 772 1946 ut
807 1880 843 1946 in
873 1880 1037 1946 omnibus
1065 1879 1213 1947 servatis
1242 1880 1378 1947 fabulis

194 1998 332 2073 praeter
364 1987 538 2054 Orestiam
548 1988 608 2076 ¹⁰⁵).
657 1992 781 2074 Neque
810 1989 948 2053 duobus
978 1986 1046 2053 illis
1075 1986 1252 2055 actoribus
1291 1999 1389 2074 apte-

194 2094 247 2160 uti
272 2095 344 2160 sci-t.
392 2094 507 2162 Semel
534 2105 673 2160 tantum
697 2107 801 2181 poeta
825 2096 976 2160 duorum
1001 2102 1159 2162 actorum
1180 2094 1385 2179 dialogum,

196 2202 255 2267 ubi
272 2224 333 2266 rex
350 2213 385 2268 et
400 2201 549 2267 nuntius
565 2201 657 2267 inter
669 2225 707 2268 se
723 2201 973 2287 digladiantur,
999 2224 1208 2288 componere
1224 2213 1379 2269 conatus

196 2319 258 2390 est,
281 2308 367 2374 satis
391 2308 534 2373 brevem
558 2307 617 2393 qui
642 2309 879 2394 quadraginta
903 2332 965 2374 sex
988 2307 1148 2375 versibus
1172 2307 1392 2376 continetur*

197 2414 404 2503 (907-953),
446 2415 559 2480 Multo
582 2414 708 2480 melius
732 2414 803 2481 iam
826 2416 863 2480 in
889 2415 1002 2481 Persis
1026 2415 1199 2501 colloquia
1222 2417 1380 2482 duorum

196 2533 354 2587 actorum
380 2520 572 2606 composita
596 2534 688 2605 sunt,
712 2545 796 2588 nam
820 2522 943 2610 regina
968 2521 1028 2589 diu
1052 2545 1132 2588 cum
1152 2521 1280 2589 nuntio
1297 2523 1390 2610 agit

196 2631 282 2695 dum
306 2629 432 2694 chorus
456 2640 577 2695 mutus
601 2640 695 2695 astat
710 2629 910 2719 (290-514)
933 2641 968 2695 et
983 2641 1106 2715 postea
1122 2628 1208 2696 satis
1224 2630 1379 2716 longum

195 2736 288 2802 inter
312 2735 472 2822 reginam
496 2747 531 2801 et
548 2740 705 2819 Dareum,
725 2736 922 2803 diverbium
939 2735 1098 2822 sequitur
1114 2736 1155 2825 (v.
1176 2737 1381 2823 703-786).

198 2847 280 2911 Uno
315 2854 434 2909 autem
458 2842 518 2909 illo
543 2845 619 2909 loco
647 2855 801 2929 except0,
838 2843 948 2909 sicubi
973 2845 1044 2908 duo
1072 2855 1207 2910 actores
1235 2844 1391 2927 adsunt,

198 2950 286 3016 alter
309 2950 520 3036 neglegitur,
545 2952 633 3016 alter
661 2973 741 3016 curn
765 2951 871 3016 choro
900 2949 1118 3036 colloquitur.
1165 2952 1283 3037 Atque
1308 2954 1393 3018 Da-·

197 3078 287 3121 naus
324 3078 404 3121 cum
432 3055 574 3122 filiabus
598 3056 798 3144 (176—233)
824 3059 1026 3139 collocutus,
1061 3056 1121 3123 ubi
1157 3079 1218 3123 rex
1245 3057 1385 3143 prodiit

198 3161 410 3229 obmutescit
433 3162 533 3248 quasi
564 3186 636 3228 non
666 3163 765 3230 adsit.
814 3167 892 3229 Rex
922 3186 1002 3229 cum
1031 3165 1136 3229 choro
1165 3163 1392 3250 colloquitur

199 3270 408 3358 (234-346).
456 3273 495 3336 V.
513 3275 689 3336 318-320
714 3273 831 3336 Danai
853 3270 987 3336 mentio
1010 3269 1054 3336 fit

305 3397 431 3481 Xopdg:
455 3398 564 3480 Βῆλον
588 3398 732 3471 δίπαιδα,
755 3400 872 3483 πατέρα
894 3398 979 3462 τοῦδ’
1004 3399 1084 3480 ἐμοῦ
1107 3399 1234 3480 πατρός.

305 3504 397 3567 Βασ.;
422 3504 457 3566 τὸ
480 3506 647 3586 πάνσοφον
669 3511 725 3567 νῦν
748 3506 852 3587 ὄνομα
874 3506 986 3568 τούτου
1009 3529 1065 3586 μοι
1088 3506 1222 3587 φράσον.

307 3609 430 3691 Χορός;
456 3610 588 3691 Δαναός,
614 3599 756 3692 ἀδελφὸς
780 3612 805 3674 δ’
831 3612 891 3674 ἐστὶ
914 3612 1190 3692 πεντηκοντάπαις.

315 3754 368 3828 ¹⁰⁴)
391 3758 477 3812 Paus.
489 3753 620 3814 11.20.7.
634 3753 812 3817 Schol.Eur.
821 3754 954 3816 0r.872.
967 3755 1385 3832 etEMeyerForschungen

199 3864 223 3900 z:
240 3865 266 3901 a.
283 3845 395 3902 Gesch.
418 3845 440 3902 Ι.
468 3843 537 3905 101.

315 3929 371 4014 ¹⁰5)
395 3935 526 3990 Fuerunt
561 3933 613 4009 qui
649 3933 678 3988 in
706 3933 896 3990 Daualdibns
932 3941 992 3990 tres
1028 3941 1146 3992 actores
1174 3933 1267 3991 luisse
1304 3953 1390 3993 con·-

201 4023 370 4088 tenderent,
394 4023 477 4098 quod
501 4023 604 4080 Venus
628 4022 658 4077 in
682 4039 775 4078 causa
803 4021 880 4079 inter
901 4021 1043 4078 Danaum
1072 4029 1103 4079 et
1126 4023 1383 4098 Hypermestram

201 4111 396 4168 diiudicanda
425 4112 577 4187 prodisset
600 4105 709 4193 (Kruse
734 4112 763 4167 in
793 4111 862 4172 edit.
887 4131 916 4186 p.
933 4109 975 4169 25
999 4104 1116 4194 praefi).
1162 4112 1222 4168 Sed
1246 4130 1317 4169 cum
1346 4113 1382 4170 in

201 4200 393 4276 Supplicibus
429 4203 488 4259 duo
513 4209 633 4258 actores
656 4201 723 4265 sint,
751 4202 780 4256 in
809 4201 918 4257 ceteris
942 4200 1051 4257 fabulis
1075 4219 1135 4257 non
1158 4202 1260 4275 plures
1283 4200 1385 4260 fuisse

201 4298 317 4347 certum
342 4301 396 4346 est.
442 4290 585 4347 Ceterum
607 4290 855 4364 Hypermestram
875 4290 905 4345 in
929 4308 1073 4346 scaenam
1096 4290 1234 4364 prodisse
1251 4290 1389 4349 minime

200 4397 328 4436 necesse
353 4387 407 4435 est.
