3136 4914
626 376 847 441 „15-

151 591 196 654 de
224 589 291 654 hac
325 611 361 654 re
397 588 482 655 disci
518 612 620 674 posse
656 589 804 676 putavit.
854 590 902 656 Hi
939 603 1023 656 sunt
1058 613 1178 657 versus
1210 591 1260 657 ita
1290 603 1331 658 ut

154 696 387 760 Buechelerus
411 695 573 779 restituit,
598 722 618 761 a
643 699 749 764 choro
773 698 920 764 cantati:

480 861 622 926 θέλουσα
645 852 716 927 ‹t'al
744 860 908 928 θέλουσαν
932 854 971 927 ti-

474 993 532 1056 yro
555 972 586 1052 μ’
611 966 761 1036 taath-o
787 962 874 1048 Διὸς
896 966 978 1055 κόρα

474 1073 589 1158 thor-oo
613 1075 700 1159 σέμν’
726 1066 840 1140 ἐνώπι’
864 1075 1016 1163 ἀσφαλές,

472 1181 576 1248 παντὶ
602 1183 636 1248 δὲ
660 1180 775 1249 otte-'ru

475 1292 635 1376 διωγμοῖς
658 1289 828 1379 despolita-

473 1398 621 1484 ἀδμῆτας
644 1395 774 1483 ἀδμήτα

475 1500 587 1589 ῥύσιος
610 1505 769 1593 γενέσθω.

474 1611 607 1698 σπέρμα
630 1618 752 1696 σεμνᾶς
773 1611 858 1700 μέγα
880 1608 1004 1698 μανρὸς

475 1713 571 1798 εὐνὰς
594 1722 727 1804 ἀνδρῶν,
752 1720 798 1802 ἑή,

477 1830 602 1914 ἄγαμον
625 1824 795 1910 ἀδάματον·
819 1830 978 1915 ἒκφνγεῖν.

157 1992 260 2053 Putat
286 1984 379 2051 enim
398 1988 640 2067 BuecheleruS,
663 1985 691 2050 si
709 1988 773 2050 dea
790 1989 962 2071 quaedam
980 1986 1130 2053 Athenis
1147 1987 1333 2054 invocetur

154 2096 232 2176 ἁγνὰ
251 2096 324 2164 Διὸς
348 2097 430 2177 κόρα
451 2093 649 2158 accuratius
673 2115 743 2157 non
770 2093 980 2180 significata,
1005 2095 1048 2158 tle
1064 2088 1162 2160 nulla
1186 2095 1251 2160 dea
1275 2117 1329 2160 co-

153 2200 258 2286 gitari
283 2223 386 2287 posse
401 2199 469 2266 nisi
486 2202 530 2266 de
555 2200 722 2266 Minerva.
759 2200 902 2286 Optime
926 2201 1031 2267 etiam
1050 2203 1116 2266 hoc
1133 2201 1329 2285 convenire,

152 2308 246 2394 quod
275 2306 450 2395 virginem
475 2310 586 2389 deam,
612 2319 651 2373 ut
676 2306 918 2393 virginitatem
944 2319 1092 2390 tueatur,
1117 2311 1244 2375 chorus
1268 2307 1329 2374 irn-

151 2417 271 2500 ploret.
312 2416 413 2498 Quae
429 2427 547 2480 autem
573 2438 648 2480 esse
672 2417 770 2498 σεμνὰ
788 2416 926 2480 doulam?
961 2416 1030 2481 Cur
1046 2429 1185 2500 poetam
1211 2415 1330 2482 subito

153 2523 196 2586 de
231 2521 362 2587 sanctis
391 2521 583 2606 parietibus
612 2521 728 2586 uerbis
763 2520 908 2586 minime
944 2522 1106 2588 dilucidis
1147 2522 1240 2608 loqui
1271 2545 1329 2588 ne·

153 2629 268 2713 glecta
293 2627 422 2706 usitata
448 2626 582 2693 ratione
599 2627 753 2713 apertius
778 2627 1025 2714 significandi?
1049 2630 1214 2694 Curetim
1232 2641 1328 2696 tutos

152 2738 217 2800 hos
242 2735 391 2821 parietes
420 2761 440 2800 a
464 2737 529 2801 dea
559 2734 679 2801 haberi
711 2747 783 2800 tam
807 2734 997 2820 diligenter
1026 2737 1202 2819 premere?
1248 2739 1328 2801 Hoc

153 2840 312 2927 intellegi
342 2865 410 2906 non
443 2866 544 2928 posse
574 2841 641 2907 nisi
671 2845 714 2906 de
740 2845 870 2927 templo
899 2841 1015 2927 aliquo
1044 2865 1062 2906 e
1088 2843 1225 2908 theatro
1250 2865 1328 2908 con-

153 2949 282 3034 spicuo.
331 2950 378 3016 Et
408 2950 642 3015 Buechelerus
672 2961 791 3015 censet
820 2959 961 3034 poetam
988 2948 1044 3014 his
1073 2948 1189 3015 verbis
1220 2949 1328 3038 signi-

153 3056 258 3121 ficare
286 3078 418 3122 novum
444 3055 529 3121 illud
561 3056 741 3123 Minervae
771 3059 941 3142 templum
971 3059 1063 3143 quod
1093 3056 1328 3124 Athenienses

152 3174 233 3247 post
261 3162 479 3229 invasionem
511 3168 691 3229 Persarum
722 3166 896 3248 repulsam
936 3163 1208 3249 pulcherrimum
1241 3187 1328 3229 sem-

152 3269 401 3355 piternumque
429 3271 514 3335 deae
551 3293 635 3336 snae
664 3271 794 3336 luerint
824 3271 1065 3337 constructuri.
1119 3275 1218 3337 Haec
1247 3293 1327 3335 cum

155 3379 387 3443 Buechelerus
417 3377 590 3459 scriberet,
627 3401 696 3442 non
733 3378 818 3443 satis
847 3380 1031 3444 constabat
1067 3401 1135 3464 quo
1172 3390 1328 3464 ternpore

156 3486 353 3550 Parthenon
380 3497 580 3550 exstructus
608 3497 707 3551 esset.
750 3489 872 3570 ltaque
901 3508 963 3570 pro
993 3484 1173 3550 verisimili
1202 3485 1328 3552 habuit

135 3588 338 3676 'Supplices
362 3603 441 3676 post
465 3593 589 3658 foedus
614 3592 704 3657 inter
720 3591 956 3658 Athenienses
980 3604 1015 3658 et
1031 3592 1185 3680 Argivos
1208 3593 1326 3677 ictum,

153 3719 232 3762 cum
262 3697 498 3764 Athenienses
528 3698 562 3763 in
588 3700 753 3786 Aegypto
777 3701 907 3765 bellum
935 3712 1105 3785 gererent,
1134 3723 1228 3766 anno
1253 3697 1327 3765 sive

154 3809 218 3868 460
243 3803 316 3869 sire
338 3809 402 3871 459
427 3805 592 3891 scriptam
618 3828 700 3871 esse.
737 3807 806 3872 Sed
831 3806 916 3871 haec
942 3806 1117 3872 sententia
1139 3819 1230 3872 stare
1254 3828 1325 3871 non

152 3923 276 3996 potest.
325 3913 480 3978 Primum
508 3913 602 3978 eninr
627 3936 668 3978 eo
698 3925 861 3999 tempore,
890 3936 959 3999 quo
983 3912 1218 3979 Athenienses
1247 3935 1327 3979 cum

152 4018 340 4105 Aegyptiis
363 4020 541 4086 coniuncti
559 4033 680 4087 eontra
699 4024 820 4087 Persas
836 4023 1054 4107 pugnabant,
1079 4022 1273 4106 Aeschylus
1290 4020 1326 4085 in

59 4211 61 4215 ,
154 4128 292 4192 theatro
318 4126 435 4192 Attico
471 4140 542 4193 tam
579 4127 809 4216 contemptim
845 4129 888 4193 de
923 4126 1025 4193 sociis
1056 4126 1326 4194 Atheniensium

153 4237 317 4299 Danaum
348 4246 382 4298 et
415 4257 536 4319 regem
569 4237 752 4320 loquentes
777 4237 889 4300 lacere
925 4258 994 4299 non
1022 4247 1157 4319 poterat
1182 4246 1221 4300 nt
1244 4234 1327 4298 lecit

154 4365 184 4405 v.
211 4345 318 4409 760t1.
