3136 4914
673 351 894 419 -23-

194 587 291 632 aram
320 569 440 632 ἐνώπια
468 565 537 632 dici
565 565 787 655 speciemque
818 566 968 634 aedilicii
996 568 1200 655 praebuisse
1235 570 1391 637 credere

193 671 341 739 videtur.
385 672 455 740 Sed
484 670 544 739 illa
571 678 769 759 κοινοβωμία
792 677 941 758 ἀγωνίων
962 677 1053 743 θεῶν
1079 674 1131 742 sic
1153 674 1390 762 describitur,

194 790 235 847 ut
258 781 302 846 de
325 778 487 846 aedificio
515 779 672 866 cogitare
699 804 771 847 non
795 780 911 865 liceat3
940 804 1031 868 quae
1054 781 1168 868 qualis
1195 781 1313 850 fuerit
1337 785 1384 851 ad

194 887 396 974 exemplum
442 885 507 953 lori
546 889 691 954 deorum
730 886 869 955 Therae
914 887 1043 976 reperti
1088 886 1191 955 nobis
1234 888 1387 977 fingere

192 1014 382 1080 possumus
390 994 437 1080 ⁵⁷).
486 992 624 1060 Deinde
652 995 751 1061 nullo
774 995 880 1061 modo
904 995 1032 1061 chorus
1059 994 1096 1061 in
1119 995 1265 1081 parodo,
1289 997 1384 1064 dum

193 1098 231 1165 in
263 1099 441 1167 orchestra
469 1102 583 1184 saltat,
611 1124 649 1167 se
676 1100 776 1167 illurn
805 1103 922 1167 locum
954 1113 1074 1168 tenere
1101 1099 1216 1168 dicere
1245 1114 1386 1190 potest,

194 1226 300 1292 quem
323 1205 359 1272 in
383 1207 497 1294 primo
521 1207 678 1295 episodio
702 1209 845 1275 demum
869 1209 911 1296 (v.
934 1212 999 1274 204
1023 1209 1061 1295 s.)
1084 1231 1106 1274 a
1128 1219 1230 1295 patre
1254 1207 1387 1278 iussus

194 1312 237 1400 (v.
266 1315 339 1402 189)
363 1325 524 1401 occupat3
553 1337 668 1402 neque
695 1315 725 1381 si
752 1327 881 1402 posset,
908 1337 1102 1402 pronomen
1124 1317 1199 1381 τάόε
1222 1316 1388 1402 deesset,

193 1442 264 1507 quo
302 1432 541 1507 spectatorum
579 1421 670 1488 oculi
711 1423 755 1488 ad
795 1445 932 1489 sacrum
972 1422 1059 1488 illud
1094 1423 1388 1508 deverterentun

194 1529 234 1594 cf.
263 1532 332 1594 189.
357 1531 469 1617 πάγον
493 1568 534 1575 —
559 1531 654 1595 τόνό’
678 1533 826 1614 ἀγωνίων
848 1532 944 1596 θεῶν.

299 1633 368 1700 Sed
391 1634 482 1701 alius
504 1645 559 1701 est
581 1636 678 1702 locus
702 1658 772 1722 quo
796 1635 922 1703 adduci
946 1635 1108 1704 videmur
1123 1645 1164 1701 ut
1180 1635 1385 1723 Supplices

192 1741 287 1810 intra
321 1764 433 1808 annos
469 1747 533 1807 465
568 1754 604 1809 et
638 1748 702 1810 460
737 1742 774 1808 in
809 1766 973 1810 scaenam
1004 1741 1162 1830 prodisse
1192 1753 1389 1828 putemus

193 1847 363 1919 Versibus
386 1847 481 1916 enirn
499 1853 564 1915 556
581 1873 623 1917 ss.
641 1851 768 1917 chorus
785 1848 881 1917 Ionis
898 1847 934 1915 in
952 1854 1156 1937 Aegyptum
1173 1849 1388 1920 adventum

193 1978 341 2025 narrans
363 1956 452 2024 haec
475 1967 610 2024 cantat:

434 2103 561 2167 ἱκνεῖται
584 2093 614 2165 δ’
629 2103 864 2184 εἰσικνουμένοο
886 2101 968 2184 βέλει

432 2208 593 2290 βουκόλου
615 2209 801 2289 πτερόεντος

434 2313 513 2378 Δῖον
535 2315 701 2397 πάμβοτον
725 2315 821 2384 ἄλσος

434 2420 574 2502 λειμκῖινα
595 2421 805 2503 χιονόβοσκον
828 2421 889 2485 ὅντ’
915 2423 1075 2503 ἐπέρχεται

436 2528 536 2610 Τυφῶ
558 2529 655 2610 μένος
677 2554 706 2592 κ.
722 2552 746 2591 τ.
763 2529 789 2591 λ.

192 2669 278 2739 Sine
301 2668 409 2736 dubio
433 2667 544 2756 igitur
567 2670 763 2754 Aeschylus
786 2667 843 2734 his
866 2667 1026 2734 versibus
1049 2666 1173 2733 Nilum
1196 2669 1385 2754 repletum

192 2775 381 2864 liquefacta
419 2775 502 2844 nive
537 2799 642 2863 agros
676 2774 876 2843 adiacentes
909 2774 1082 2867 inundare
1114 2772 1211 2857 dicit3
1251 2797 1386 2862 quarn-

193 2885 314 2951 obrem
336 2885 543 2972 Aegyptum
566 2882 649 2952 nive
671 2896 812 2971 pastam
828 2881 997 2949 nominat.
1044 2881 1206 2952 Eandem
1230 2894 1384 2952 senten·

195 2989 281 3058 tiam
304 2990 506 3058 invenimus
529 2990 566 3056 in
583 2991 801 3078 Aeschyleae
823 2990 964 3056 fabulae
988 2987 1142 3055 incertae
1165 2988 1384 3075 fragmento

194 3098 270 3185 (lrg.
296 3103 360 3164 300
384 3101 448 3163 Ν2
470 3099 510 3164 cl.
536 3097 635 3164 Diels
658 3098 677 3163 l.
703 3096 858 3178 citando)

434 3243 523 3326 γένος
544 3242 603 3325 μέν
626 3244 720 3307 αἰνεῖν
743 3242 899 3325 ἐκμαθὼν
923 3242 1087 3323 ἐπίσταμαι

435 3350 624 3421 Αἰβιόπιόος
646 3356 704 3433 γῆς
725 3349 841 3419 Νεῖλος
864 3337 932 3412 ἕνθ’
956 3349 1132 3431 έπτάῤῥοος

434 3460 529 3539 γαῖαν
551 3453 925 3539 κυλίνδωντινευμάτων
948 3455 1116 3537 ἐπομβρίαι,

383 3626 387 3633 ,
433 3565 466 3627 έν
490 3552 520 3626 d'
535 3565 622 3646 ἥλιος
643 3563 800 3644 πορωιτὸς
822 3562 989 3644 ἐκλάμψας
1012 3561 1106 3644 χθονὶ

431 3672 519 3753 τήκει
541 3672 693 3753 πετραίαν
715 3671 825 3753 χιόνα·
861 3674 948 3732 πᾶσα
972 3656 1001 3732 δ’
1017 3667 1155 3750 εὐθαλὴς

433 3778 592 3859 Αἴγυπτος
616 3778 713 3860 ἁγνοῦ
737 3777 878 3859 νάματος
899 3776 1103 3858 πληρουμένη

433 3886 602 3968 φερέσβιον
624 3885 793 3967 Δήμητρος
816 3883 952 3947 ἀντέλλει
975 3883 1100 3965 στάχυν.

193 4028 354 4111 Utroque
388 4026 464 4090 loco
492 4025 689 4109 Aeschylus
723 4021 843 4089 nivem
878 4021 913 4087 in
950 4021 1131 4088 montibus
1160 4019 1374 4109 Aethiopiae

301 4227 341 4305 ⁵⁷)
365 4229 462 4286 Hiller
483 4247 543 4286 von
566 4227 766 4303 Gaertringen
788 4227 889 4285 Thera
909 4225 930 4286 I.
956 4224 1028 4286 203.
1053 4227 1106 4286 An.
1128 4224 1181 4292 17;
1217 4223 1252 4285 cs.
1275 4227 1377 4285 etiam

192 4315 314 4374 Curtius
337 4319 397 4380 Att.
420 4317 544 4375 Studien
568 4317 588 4377 1.
614 4315 700 4380 9112.
