3136 4914
684 341 905 409 ..49-

204 555 437 624 adscribenda
449 568 511 640 est,
524 579 611 644 quas
621 555 760 623 iuvenis
772 558 888 623 adhuc
898 555 1026 623 docuit.
1050 559 1103 623 Ac
1114 579 1160 623 ne
1173 555 1381 623 Heraclidas

205 662 349 750 quidem
372 663 467 751 ipsos
491 686 565 730 rem
588 685 689 730 suam
712 675 861 747 agentes
885 663 1073 752 Euripides
1101 661 1192 746 iecit,
1227 664 1288 729 sed
1319 662 1380 750 qui

204 791 269 855 pro
296 769 347 836 eis
375 781 498 857 ageret
521 773 659 838 lolaum
693 769 868 853 adiunxit;
904 771 1050 836 chorum
1078 769 1273 855 indigenas,
1309 773 1381 836 He-

204 875 354 943 raclidas
378 889 495 944 mutas
518 901 686 964 personas
710 901 786 944 esse
810 877 930 944 voluit.
979 882 1026 944 At
1049 879 1143 964 apud
1165 877 1378 962 Aeschylum

205 983 413 1051 Heraclidas
430 984 526 1050 chori
542 996 659 1070 partes
676 983 841 1050 habuisse
857 995 893 1050 et
907 1007 970 1070 per
986 1007 1023 1050 se
1040 994 1076 1050 et
1090 993 1232 1070 propter
1243 981 1377 1050 stasimi

203 1093 447 1178 fragmentum
486 1092 539 1178 (74
568 1091 635 1180 N2)
675 1115 696 1157 a
733 1091 1003 1160 Wilamowitzio
1041 1091 1077 1156 in
1117 1091 1233 1157 indice
1271 1091 1377 1158 schol.

203 1196 337 1264 hibern.
362 1198 560 1284 Gryphisw.
586 1222 613 1264 a.
642 1203 725 1263 1877
753 1221 785 1284 p.
813 1204 851 1264 13
882 1209 1071 1265 tractatum
1099 1196 1289 1264 verisimile
1316 1209 1377 1264 est

203 1307 280 1371 Nec
306 1327 378 1370 non
407 1303 490 1370 inde
518 1306 611 1392 quod
640 1306 750 1371 altera
778 1304 942 1391 trilogiae
970 1307 1090 1371 fabula
1117 1306 1161 1370 ab
1190 1303 1378 1394 Aegyptiis

203 1412 235 1476 h.
251 1434 279 1478 e.
297 1435 318 1478 a
342 1412 447 1477 choro
482 1434 611 1478 nomen
640 1411 751 1495 duxit,
787 1434 867 1478 cum
902 1413 1048 1478 chorum
1080 1433 1232 1497 magnos
1259 1421 1377 1497 partes

202 1517 369 1584 habuisse
397 1528 473 1584 turn
503 1517 682 1604 trilogiam
710 1542 729 1585 e
753 1517 1003 1585 vetustissimis
1028 1517 1136 1584 inisse
1160 1519 1375 1584 concludam.

314 1642 478 1709 Ceterum
517 1642 723 1728 Euripidem
762 1642 798 1709 in
838 1643 950 1730 prima
990 1666 1134 1709 suarum
1169 1641 1377 1729 Supplicum

200 1760 302 1836 parte
340 1771 412 1815 non
452 1749 559 1816 nullis
591 1749 754 1832 Aeschyli
794 1750 950 1818 inventis
989 1773 1093 1816 usum
1132 1752 1175 1817 ab
1211 1748 1376 1835 Aeschyli

200 1856 408 1943 Supplicum
452 1855 651 1923 inritatione
693 1859 846 1944 pendere
889 1857 1073 1923 occasione
1115 1859 1234 1924 oblata
1272 1855 1376 1922 liceat

200 1966 512 2047 demonstrare.¹¹⁰)
558 1963 820 2049 Stichomythia
843 1963 954 2050 igitur
977 1975 1013 2030 et
1041 1966 1136 2050 apud
1158 1963 1376 2047 Aeschylum

199 2071 351 2159 (291ss.)
386 2082 422 2137 et
457 2073 552 2157 apud
588 2071 796 2158 Euripidem
831 2071 907 2160 (113
929 2073 988 2155 ss.)
1023 2094 1077 2137 res
1112 2081 1217 2137 antea
1252 2080 1374 2155 gestae

197 2188 434 2265 exponuntur.
475 2177 613 2244 Deinde
632 2189 820 2264 postquam
843 2177 966 2264 primis
988 2177 1151 2264 precibus
1174 2198 1289 2262 neque
1312 2198 1375 2241 rex

200 2286 371 2372 Pelasgus
405 2307 521 2371 neque
543 2284 705 2352 Theseus
734 2297 931 2352 commotus
964 2296 1025 2369 est,
1061 2287 1188 2351 chorus
1216 2295 1253 2371 et
1279 2283 1373 2369 apud

196 2392 411 2473 Aeschylum
435 2391 525 2479 (418)
556 2402 592 2457 et
620 2393 714 2478 apud
738 2391 946 2478 Euripidem
969 2391 1061 2480 (271)
1090 2390 1244 2458 carmine
1270 2389 1376 2457 inter-

195 2497 313 2584 posito
336 2519 457 2584 regem
482 2511 558 2565 orat
574 2511 680 2585 atque
697 2501 863 2566 obsecrat.
910 2501 980 2566 Sed
1003 2501 1147 2565 frustra:
1183 2497 1374 2564 maioribus

195 2626 287 2691 opus
322 2616 384 2688 est
420 2618 461 2673 ut
495 2629 557 2673 rex
591 2609 805 2693 obsequatur
840 2605 876 2672 in
912 2618 1061 2692 utraque
1094 2606 1227 2672 fabula:
1265 2604 1373 2671 minis

197 2712 341 2778 demum
358 2715 563 2779 Danaidum
579 2736 640 2780 rex
657 2714 828 2799 Pelasgus
846 2712 993 2799 cogitur,
1009 2712 1170 2778 Theseus
1185 2711 1373 2797 mitigatur

194 2817 349 2885 lacrimis
397 2819 520 2886 matris
562 2821 717 2886 Aethrae
765 2830 802 2886 et
844 2819 1013 2907 gravibus
1055 2817 1370 2884 adhortationibus.

196 2924 408 3007 Manifestus
436 2949 519 2993 vero
545 2926 733 3014 Euripides
756 2927 912 2995 imitator
936 2926 1082 3009 exsistit,
1107 2949 1188 2992 cum
1210 2925 1371 2992 Theseus

194 3031 241 3096 ad
274 3033 395 3120 populi
432 3033 634 3101 contionem
668 3033 771 3100 sicuti
808 3036 979 3120 Pelasgus
1014 3035 1058 3099 de
1091 3056 1128 3099 re
1163 3031 1371 3119 Supplicum

195 3139 369 3207 relaturus
396 3143 588 3208 Adrastum
623 3164 743 3208 secum
779 3141 876 3208 ducit
904 3164 973 3227 qno
1007 3152 1096 3208 teste
1130 3150 1253 3206 utatur
1279 3138 1371 3205 sicut

197 3247 366 3334 Pelasgus
383 3252 516 3315 Danao.
563 3254 689 3336 Neque
712 3249 806 3316 enim
830 3249 866 3314 id
890 3273 931 3315 eo
948 3247 1094 3314 consilio
1110 3246 1195 3330 lieri,
1217 3256 1258 3311 ut
1273 3255 1371 3311 actor

193 3354 337 3421 Adrasti
353 3366 476 3441 postea
492 3355 599 3422 aliam
614 3379 800 3443 personam
817 3356 991 3423 sustinere
1007 3354 1126 3441 possit,
1147 3354 1230 3420 inde
1246 3354 1368 3435 elucet,

195 3461 288 3545 quod
311 3483 395 3527 mox
417 3462 493 3550 ipse
517 3485 597 3529 cum
620 3463 760 3530 Theseo
783 3462 978 3530 revertitur.
1025 3461 1121 3526 Dicit
1145 3459 1254 3547 igitur
1275 3460 1368 3545 apud

194 3568 407 3649 Aeschylum
432 3570 614 3656 Pelasgus:

193 3709 330 3796 (Suppl.
348 3716 412 3776 480
436 3712 491 3798 SS.)
516 3714 555 3778 σὺ
577 3718 644 3798 μέν,
668 3717 775 3800 νῑάῑερ
799 3715 903 3799 γεραιὲ
925 3715 1027 3780 ιτῶνδε
1050 3715 1227 3797 παρθένων,

512 3823 654 3901 κλάδους
677 3847 713 3909 γε
735 3824 869 3893 τούτους
891 3815 968 3909 αἶψ’
993 3824 1025 3885 ἓν
1048 3821 1199 3907 ἀγκάλαις
1221 3809 1332 3900 λαβὼν

511 3929 646 4011 βωμοὺς
670 3931 715 3992 ἐπ’
740 3930 856 4007 ἄλλους
878 3929 1041 4011 δαιμόνων
1065 3926 1230 4014 ἐγχωρίων

194 4050 405 4061 ———-.—-....

308 4120 364 4205 ¹¹⁰)
387 4128 498 4184 Partim
519 4130 577 4186 hoc
596 4130 749 4203 perspexit
770 4129 809 4187 Ο.
826 4128 959 4185 Krausse
984 4127 1050 4198 „De
1066 4127 1210 4201 Euripide
1227 4128 1367 4201 Aeschyli

193 4211 410 4272 instauratore‘·v
445 4216 525 4273 Diss.
552 4217 630 4292 Jena
663 4217 756 4277 1905.
786 4237 814 4292 p.
837 4215 913 4278 7516
955 4217 1006 4291 qui
1045 4216 1181 4291 pluribus
1221 4216 1366 4289 exemplis

193 4303 353 4360 verborum
377 4323 499 4380 quoque.
525 4306 735 4363 similitudines
758 4309 906 4381 quasdam
931 4305 1071 4362 ostendit.

1257 4433 1286 4474 Ν
