3136 4914
642 243 840 311 ..9-

159 482 223 526 vos
246 481 362 526 rerum
385 457 517 547 potitos
541 470 680 526 esseut
705 458 742 525 in
767 460 853 526 urbe
876 459 961 527 viris
985 459 1143 550 spoliata,
1166 474 1289 551 postea
1313 488 1335 529 a

159 564 279 632 liberis
302 565 517 651 Argivorum
533 577 737 633 necatorum
762 567 893 633 adultis
910 566 1039 635 eiectos
1056 568 1231 654 Tirynthe
1254 593 1334 637 con-

159 673 298 741 sedisse.
347 672 415 739 His
442 673 559 741 verbis
584 674 757 741 Herodoti
791 697 862 741 non
897 675 991 742 iusto
1023 675 1098 742 iure
1128 677 1331 745 Schdmann

158 793 194 848 et
222 780 365 867 Lipsius
377 783 414 868 ι4)
447 779 555 847 fidem
578 781 789 865 habuerunt,
819 804 899 847 cum
923 805 964 848 ea
988 805 1078 869 quae
1101 782 1208 870 Argis
1232 795 1333 871 gesta

153 899 268 970 erant,
292 887 328 953 in
353 887 554 955 narratione
579 888 752 955 Herodoti
777 887 813 955 in
837 888 954 955 maius
977 900 1082 956 aucta
1105 890 1184 957 sint.
1232 893 1333 976 Quae

159 996 209 1062 sic
238 1007 279 1063 ut
305 1007 494 1063 narrantur
523 996 680 1062 accidere
708 1019 779 1062 non
808 996 967 1082 potuisse
995 996 1066 1063 iam
1095 1020 1139 1063 ex
1162 997 1232 1064 alio
1255 999 1334 1064 loco

159 1103 332 1170 Herodoti
348 1103 460 1191 ipsius
485 1104 566 1189 (VII
587 1105 661 1190 148)
685 1101 838 1191 apparet.
875 1107 969 1170 Nam
985 1103 1025 1187 ei,
1049 1127 1158 1191 penes
1180 1127 1267 1191 quos
1283 1104 1332 1171 ibi

158 1211 344 1298 imperium
361 1222 423 1294 est,
447 1211 570 1277 foedus
595 1221 679 1277 sunt
702 1209 804 1277 icturi
821 1233 863 1277 eo
884 1209 1038 1294 consilio,
1063 1222 1103 1278 ut
1117 1209 1217 1278 liberi
1233 1234 1334 1277 neca-

159 1330 274 1384 torum
303 1319 501 1384 adolescere
528 1316 673 1403 possint.
721 1318 826 1402 Quod
854 1316 914 1404 qui
935 1331 1089 1405 poscunt
1117 1341 1236 1385 servos
1259 1340 1331 1385 non

158 1425 265 1492 fuisse
290 1425 405 1512 quivis
433 1425 538 1492 videt.
585 1422 728 1494 Erravit
752 1424 862 1511 igitur
887 1425 1091 1491 Herodotus
1117 1426 1194 1491 loco
1217 1425 1333 1512 priore

157 1546 194 1598 et
222 1556 286 1599 suo
316 1533 392 1599 iure
417 1533 673 1617 Plutarchusss)
705 1543 827 1599 contra
858 1533 1080 1598 Herodotum
1103 1533 1191 1598 haec
1215 1531 1333 1620 dispu-

158 1641 248 1708 tavit
264 1644 547 1726 ἐπανορθούμενοι
563 1640 600 1708 δέ
614 1635 675 1730 τὴν
695 1641 898 1728 ὀλιγανδρίαν
913 1643 971 1725 οὐχ
988 1630 1035 1719 οἷς
1046 1637 1231 1726 Ἡρόδοτος
1246 1637 1334 1708 ἱσιο-

159 1753 207 1834 ρεῑ
222 1753 294 1828 Ιἰοῖς
310 1750 442 1827 δούλοις
457 1749 538 1814 ἀλλὰ
558 1753 624 1814 τῶν
638 1745 823 1834 περιοίκων
846 1745 1074 1838 ποιησάμενοι
1093 1745 1234 1820 πολίτας
1256 1745 1334 1828 τούς

156 1853 311 1942 ἀρίοιοος
326 1852 513 1939 συνῴκισαν
528 1850 589 1935 τοὶς
604 1859 756 1944 γυναῖκας
769 1852 1008 1938 adstipulante
1020 1851 1209 1920 Aristotele
1220 1855 1257 1940 ¹⁶)
1271 1854 1331 1941 qui

156 1958 342 2027 civitatum
359 1973 491 2028 statum
515 1971 654 2027 mutata
668 1961 906 2027 membrorum
923 1958 1179 2046 compositione
1201 1963 1330 2028 mutari

157 2066 309 2154 indeque
336 2067 458 2154 populi
486 2065 766 2134 dominationem
789 2066 968 2133 interdum
999 2064 1091 2132 errici
1116 2068 1331 2133 demonstra-

157 2187 257 2241 turus
275 2197 354 2240 cum
372 2174 529 2241 aliatum
553 2175 768 2262 Argivorum
785 2175 985 2259 exemplum
1013 2175 1129 2241 affert:
1154 2175 1189 2242 έν
1206 2179 1331 2264 Ἄργει

156 2288 220 2348 τῶν
248 2283 282 2349 ἐν
308 2289 341 2373 cg}
369 2280 494 2368 ἑβδόμῃ
523 2282 742 2369 ἀπολομένων
764 2274 835 2349 ὑπὸ
860 2281 1062 2368 Κλεομένους
1083 2290 1143 2349 τοῦ
1166 2286 1333 2362 Λάκωνος

156 2388 415 2479 ἠναγκάσθησαν
444 2390 703 2479 παραδέξασθαι
730 2397 798 2456 τῶν
826 2387 1008 2478 περιοίκων
1035 2387 1139 2469 τινάς.
1188 2387 1237 2454 Hi
1267 2388 1332 2476 igi-

157 2504 214 2562 tur
248 2498 386 2563 accolae
415 2520 434 2563 e
462 2496 601 2564 dicione
629 2495 764 2563 dimissi
799 2495 884 2584 quin
914 2495 1008 2563 cives
1036 2495 1119 2563 iacti
1149 2495 1229 2579 sint,
1258 2519 1330 2563 non

156 2603 239 2669 licet
267 2603 446 2686 dubitare;
470 2605 531 2669 sed
558 2603 661 2689 pauci
686 2605 829 2670 luerunt
857 2603 959 2689 eique
982 2601 1106 2690 optimi
1137 2625 1251 2689 neque
1274 2602 1330 2669 his

156 2710 306 2798 receptis
335 2733 558 2798 quamquam
575 2734 688 2778 novos
715 2710 794 2776 illos
818 2709 912 2776 cives
939 2709 1062 2795 populi
1097 2709 1329 2777 dominationi

157 2815 287 2883 lavisse
320 2830 598 2884 consentaneum
634 2829 700 2900 est,
735 2814 856 2883 statim
891 2815 1012 2904 populi
1051 2815 1330 2884 dominationem

157 2920 359 2990 institutam
383 2947 459 2990 esse
476 2925 758 2991 concludendum
782 2935 842 2991 est.
877 2925 929 2990 Ac
952 2947 998 2990 ne
1015 2925 1164 2990 altemm
1188 2924 1329 3011 quidem

157 3029 409 3114 testimonium,
438 3053 507 3118 quo
535 3032 738 3100 Schdmann
768 3042 804 3098 et
832 3029 975 3119 Lipsius
1008 3030 1063 3097 usi
1097 3032 1218 3117 paullo
1249 3043 1331 3120 post

158 3138 292 3203 cladem
301 3136 1213 3227 aCleomeneacceptampotestatemaproceribusad
1221 3160 1331 3227 popu-

94 3256 96 3260 ·
156 3244 422 3312 lurntransiissc
432 3257 604 3330 statuunt,
617 3245 805 3333 quicquam
817 3246 921 3329 valet,
933 3267 1048 3332 neque
1060 3244 1145 3312 dicit
1157 3245 1194 3311 id
1203 3249 1330 3313 Pausa-

157 3353 242 3435 nias,
260 3354 320 3418 sed
336 3352 474 3419 minora
487 3352 616 3440 oppida
632 3354 676 3419 ab
688 3350 833 3440 Argivis
846 3353 961 3419 deleta
974 3375 1058 3434 esse,
1075 3375 1224 3438 quorum
1234 3351 1329 3419 cives

155 3463 272 3545 Argos
292 3461 444 3527 traducti
458 3459 526 3527 vix
551 3472 763 3550 potestatem
779 3459 932 3546 aliquam
949 3458 1108 3526 obtinere
1123 3469 1329 3545 potuerunt;

156 3579 311 3634 ceterum
328 3569 372 3634 de
385 3580 541 3655 tempore
553 3579 634 3655 post
645 3590 805 3656 pugnam
818 3568 1060 3634 Plataeensem
1074 3565 1229 3653 cogitare
1243 3571 1330 3633 Pau-

156 3673 293 3740 saniam
306 3688 467 3762 apertum
480 3688 534 3742 est
546 3677 599 3762 (ci.
605 3698 636 3761 p.
647 3676 750 3761 13)¹⁷).
775 3677 893 3760 Atque
902 3677 990 3740 haec
1003 3675 1046 3739 de
1058 3674 1197 3759 populo,
1222 3677 1329 3741 Nunc

268 3894 305 3964 ¹⁴)
330 3895 528 3954 Griechische
552 3897 771 3954 Alterttimerl
799 3896 870 3955 177.

268 3985 308 4060 ¹⁵)
331 3985 379 4042 De
403 3986 467 4043 virt
490 3988 562 4044 mul.
585 3986 605 4045 4
629 4005 660 4061 p.
685 3985 749 4044 245
773 3986 805 4042 F.
894 4022 896 4024 v

268 4069 308 4155 ¹⁶)
331 4074 447 4132 Politic.
472 4075 543 4132 Vlll
565 4075 617 4152 (V)
645 4073 763 4134 13032.

268 4160 305 4244 Π)
330 4162 375 4220 Cl.
392 4162 520 4233 Gilbert‚
536 4163 657 4224 Griech.
674 4165 870 4222 Staatsaltert.
886 4165 923 4231 ΙΙ,
945 4164 1000 4228 76;
1018 4164 1129 4223 Busolt.
1145 4164 1197 4221 Gr.
1213 4164 1328 4224 Gesoh.
