3136 4914
587 360 811 429 ..45-

105 578 258 662 fabulas,
286 598 376 664 quae
409 576 481 644 iarn
516 599 643 645 scaena
674 577 869 644 instructae
902 578 1053 642 fuerunt.
1114 573 1286 643 Tentorio

104 681 207 751 enim
229 704 319 771 opus
342 683 468 751 eratin
487 683 777 770 Myrmidonibus,
800 684 906 750 domo
928 680 1080 770 regiain
1097 681 1284 769 Lycurgia

105 790 246 860 Scaena
274 813 345 858 non
375 790 488 858 caruit
516 793 723 876 Ψυχοστασία,
746 790 776 857 si
805 789 957 858 Pollucis
989 789 1106 858 verbis
1137 789 1178 877 (4,
1210 790 1283 879 130)

105 895 219 964 fidem
241 899 426 965 habemus:
450 900 514 965 ἀπὸ
538 900 573 964 δὲ
595 907 651 965 τοῦ
676 899 862 982 Θεολογείου
879 901 970 978 ὄντος
992 899 1071 985 ὑπὲρ
1094 899 1150 982 τὴν
1165 898 1285 982 σκηνὴν

101 1008 144 1071 ἐν
164 1008 239 1089 ὕψει
261 1003 481 1090 ἐπιφαίνονται
504 1008 577 1072 θεοί
583 1007 647 1092 ¹⁰¹).
695 1007 785 1072 Cum
809 1003 1056 1090 Psychostosia
1079 1003 1115 1069 in
1141 1002 1283 1091 trilogia

104 1113 258 1179 fortasse
291 1112 481 1181 coniuncta
515 1125 591 1180 erat
620 1117 797 1196 Memnon,
833 1135 922 1199 quae
955 1122 1048 1178 certe
1081 1111 1118 1177 in
1154 1109 1283 1177 fabulis

102 1218 310 1306 posterioris
334 1219 460 1287 aetatis
475 1220 552 1304 luit
568 1219 699 1308 quippe
713 1219 750 1286 in
767 1241 838 1307 qna
853 1230 895 1286 ut
908 1222 1168 1304 παραχορήγημα
1183 1239 1284 1304 quar·

105 1336 167 1393 tus
200 1338 297 1394 actor
324 1327 505 1395 adhibitus
540 1326 656 1416 sit¹⁰²).
715 1329 833 1411 Quare
868 1324 997 1393 additis
1033 1324 1175 1411 trilogia
1204 1329 1284 1391 Pro-

100 1434 249 1501 methea
272 1445 308 1501 et
329 1433 468 1502 Orestia
492 1433 648 1522 quinque
671 1445 764 1500 certe
788 1426 879 1501 sunt'
896 1431 1066 1519 trilogiae‚
1091 1455 1178 1520 quos
1201 1442 1282 1521 post

102 1540 251 1627 Septem
284 1542 406 1608 doctas
441 1564 517 1608 esse
551 1564 695 1608 necesse
729 1552 791 1608 est
848 1539 991 1608 Cabiros
1026 1562 1166 1627 quoque
1200 1550 1281 1629 post

102 1647 251 1734 Septem
274 1648 498 1715 commissam
522 1671 598 1715 esse
614 1647 789 1715 Christius
813 1658 955 1714 secutus
970 1645 1281 1716 Wilarnowitzium

101 1754 286 1841 probabile
301 1754 463 1822 reddidit.
472 1755 525 1844 ¹⁰³)
546 1754 618 1822 Tot
633 1755 726 1822 inter
749 1754 950 1841 tragoedias
971 1753 1134 1839 trilogiae
1150 1757 1281 1821 Danai-

98 1862 190 1928 dum
206 1861 268 1929 vix
283 1863 382 1929 locus
398 1862 608 1950 relinquitur
623 1873 704 1950 post
719 1864 871 1949 Septem.
907 1863 959 1927 Ac
975 1883 1190 1948 quamquam
1206 1884 1278 1928 non

98 1968 341 2035 necessarium
364 1981 426 2053 est,
450 1992 572 2036 omnes
589 1993 647 2035 eas
670 1971 809 2036 fabulas
832 1991 923 2055 quae
946 1967 1022 2034 sine
1038 1990 1165 2034 scaena
1185 1979 1278 2052 sunt,

95 2084 188 2142 ante
215 2097 378 2142 scaenam
401 2075 585 2143 inventam
609 2078 729 2143 doctas
757 2098 841 2159 esse,
875 2086 993 2141 tamen
1023 2097 1103 2142 cum
1131 2097 1278 2142 scaenae

96 2203 189 2249 usus
212 2183 326 2250 multa
343 2185 526 2249 commoda
548 2185 689 2251 fabulae
706 2181 946 2250 instituendae
962 2184 1111 2265 afferret,
1135 2204 1207 2249 non
1224 2194 1279 2250 est

97 2287 293 2356 verisimile
326 2312 461 2358 novum
489 2290 574 2357 artis
609 2288 886 2357 instrumentum
920 2299 1043 2378 poetas
1077 2288 1279 2376 neglexisse

93 2394 170 2463 nisi
194 2394 331 2463 idoneis
355 2397 470 2464 causis
494 2410 641 2481 coactos,
664 2400 764 2465 velut
786 2396 823 2463 in
846 2398 1054 2463 Prometheo
1070 2408 1212 2484 propter
1228 2421 1280 2465 ar-

94 2513 315 2590 gumentum
342 2507 483 2572 fabulae
512 2507 638 2572 domus
666 2506 727 2572 illa
755 2504 915 2572 scaenica
944 2505 1102 2571 adhiberi
1132 2506 1277 2572 omnino

96 2631 173 2677 non
206 2620 353 2697 poterat.
404 2611 517 2679 Aliter
550 2624 655 2699 atque
683 2612 720 2679 in
750 2612 958 2678 Prometheo
986 2612 1023 2677 in
1048 2611 1275 2700 Supplicibus

93 2738 154 2784 res
177 2738 216 2784 se
231 2718 346 2786 habet.
387 2723 528 2786 Poterat
543 2719 639 2785 enirn
654 2731 767 2805 poeta,
791 2718 821 2785 si
837 2718 869 2785 ei
886 2720 1012 2785 domus
1028 2719 1188 2784 scaenica
1204 2718 1275 2786 iarn

93 2833 240 2911 praesto
273 2824 406 2909 fuisset,
441 2826 626 2915 Supplices
658 2849 730 2893 non
766 2827 880 2892 solum
909 2827 953 2891 ad
981 2847 1078 2891 aram
1106 2825 1274 2911 symbolis

10 3000 15 3013 ,
92 2931 245 2998 deorum
272 2931 450 3019 insignem
475 2933 721 3020 confugientes
743 2935 865 3016 iacere,
901 2934 961 2999 sed
986 2930 1089 2999 sicuti
1113 2933 1150 2999 in
1174 2933 1276 3004 Euri-

93 3036 191 3125 pidis
223 3039 422 3106 Heraclidis
454 3052 593 3128 praeter
624 3063 721 3108 aram
758 3042 930 3126 templum
960 3039 996 3105 in
1031 3061 1158 3106 scaena
1191 3052 1274 3124 erat,

93 3144 261 3212 similiter
283 3147 468 3235 Supplices
495 3148 532 3214 in
561 3150 684 3214 urbem
708 3147 889 3234 ingressae
916 3158 978 3214 aut
1002 3149 1046 3213 ad
1071 3169 1167 3214 aram
1184 3152 1274 3215 'ante

94 3252 244 3319 domum
271 3254 407 3340 regiam
431 3254 535 3322 sitam
560 3256 707 3321 tutelam
734 3266 853 3341 petere
870 3264 1069 3340 potuerunt,
1093 3253 1145 3342 (cl.
1165 3256 1273 3321 verba

93 3357 192 3445 regis
215 3384 246 3426 v.
264 3365 328 3426 365

419 3473 508 3536 uiroc
530 3467 690 3553 addon-‘la
715 3467 881 3552 δωμάτων
904 3468 1041 3553 ε’φέσιιοι

419 3578 516 3663 εμωιι)

91 3725 162 3811 aut
193 3719 237 3783 ad
265 3741 362 3784 aram
391 3720 568 3805 quandam
597 3730 633 3785 et
666 3721 837 3804 templum
870 3719 1044 3784 urbanum
1073 3741 1193 3785 eorum
1227 3742 1271 3785 ex

94 3843 253 3908 numero,
277 3826 322 3890 ad
346 3848 436 3911 quae
460 3829 603 3892 Danaos
619 3851 650 3892 v.
667 3829 732 3890 480
749 3847 830 3891 cum
845 3824 951 3891 ramis
967 3824 1176 3914 Supplicum
1191 3826 1271 3893 mit-

92 3926 196 3996 titur.
223 3934 317 3998 Nam
329 3932 518 4018 quominus
530 3933 703 3999 intrarent
715 3934 846 4015 urbem,
863 3930 950 3998 nihil
967 3930 1166 4018 impedivit;
1183 3954 1269 3998 num

209 4149 260 4226 ¹⁰¹)
284 4150 330 4213 cf.
356 4151 390 4212 C.
407 4153 523 4210 Robert
546 4153 576 4209 in
601 4153 735 4210 Hermae
760 4155 817 4210 vol.
833 4153 939 4213 XXXI.
968 4152 1061 4213 1896.
1085 4152 1161 4214 571.

208 4234 260 4322 ¹⁰²)
283 4241 395 4298 Reisch
419 4243 449 4298 in
472 4241 756 4316 Ddrpleld·Reisch,
780 4242 834 4299 das
857 4243 968 4318 griech.
991 4242 1126 4300 Theater
1148 4262 1178 4318 p.
1197 4241 1269 4303 199.

209 4326 264 4409 103)
288 4330 418 4387 Hermes
434 4329 511 4387 XXI
528 4328 602 4389 612.
626 4329 770 4388 Christius
792 4332 822 4388 in
837 4330 1037 4389 Lit.-Gesch.⁴
1059 4351 1089 4406 p.
1106 4330 1170 4392 230
1187 4333 1221 4388 Α.
1237 4330 1269 4389 5.
