3136 4914
676 387 890 455 ..57-

191 604 363 672 Similiter
386 616 508 690 postea
532 626 601 690 qua
625 601 801 669 sententia
824 602 935 669 oratio
959 604 1052 690 regis
1076 628 1154 672 orsa
1177 618 1230 674 est
1251 633 1283 676 v.
1302 613 1366 673 517

435 713 507 799 ἐγὼ
532 713 571 777 δὲ
594 712 692 789 λαοὺς
715 712 920 799 συγκαλῶν
944 714 1117 800 ἐγχωρίους

435 825 560 892 πονῶ,

194 946 240 1010 ad
263 945 412 1010 eandem
436 941 630 1009 interiectis
652 942 830 1009 mandatis
854 945 959 1010 choro
984 943 1076 1012 datis
1099 943 1191 1012 redit
1212 945 1323 1012 oratio

301 1077 335 1120 v.
353 1055 417 1116 522
442 1053 515 1139 ἐγὼ
539 1050 703 1117 δὲταῦτα
725 1060 923 1134 πορσυνῶν
946 1054 1164 1136 ἐλεύσομαι.

196 1161 277 1244 Qua
311 1158 351 1224 in>
383 1181 420 1224 re
455 1158 531 1223 sine
566 1157 673 1224 dubio
709 1156 886 1243 imperitia
914 1158 1087 1244 quaedam
1115 1159 1283 1246 loquendi
1311 1162 1367 1226 vel

195 1265 314 1352 potius
349 1264 557 1351 simplicitas
592 1263 688 1331 omni
724 1267 804 1331 luco
839 1265 1013 1332 rhetorico
1041 1265 1150 1332 libera
1178 1268 1369 1353 deprehen-

196 1371 359 1460 ditur.¹²²)
385 1373 488 1438 Plura
509 1383 630 1438 autem
647 1372 731 1438 talia
747 1383 884 1439 attente
899 1371 1033 1458 legenti
1050 1395 1154 1458 saepe
1170 1384 1367 1441 occurrunt.

196 1479 326 1548 Statim
351 1478 498 1545 enimin
516 1478 629 1567 prima
650 1478 816 1562 oratione,
833 1491 874 1546 ut
889 1480 933 1545 ab
950 1502 992 1546 ea
1006 1477 1225 1565 incipiamus,
1249 1479 1371 1568 primis

196 1586 314 1653 verbis
337 1611 370 1655 v.
392 1592 453 1653 176
477 1589 591 1666 παῖδες
613 1595 770 1676 φρονεῖν
792 1592 861 1675 χρή
887 1587 1011 1654 ultima
1035 1587 1250 1674 respondent

304 1737 338 1779 v.
356 1716 425 1778 203·
444 1716 728 1798 θρασυστομεῖν
751 1715 821 1802 γὰρ
845 1716 888 1778 οὗ
911 1717 1046 1801 πρέπει
1068 1715 1142 1792 τοὺς
1164 1717 1313 1797 ἥσσονας.

198 1840 323 1923 Neque
357 1837 458 1903 aliter
485 1837 521 1903 in
552 1836 716 1903 omnibus
743 1839 815 1903 fere
843 1847 1017 1923 quotquot
1046 1848 1130 1903 sunt
1153 1836 1372 1903 orationibus

198 1965 254 2009 res
284 1966 322 2010 se
348 1945 465 2010 habet.
511 1946 620 2012 Velut
651 1969 683 2011 v.
709 1948 883 2010 249-273
918 1945 1064 2010 chorum
1094 1943 1372 2029 interrogantem

199 2060 236 2116 et
258 2050 481 2117 dubitantem
505 2074 657 2137 quocum
680 2051 747 2117 sibi
770 2074 825 2116 res
841 2051 895 2134 sit,
921 2053 1099 2136 Pelasgus
1124 2052 1218 2137 quod
1237 2050 1282 2116 ad
1297 2073 1372 2137 per-

199 2179 324 2223 sonam
340 2180 441 2224 suam
458 2157 616 2241 attineat,
640 2160 733 2225 bono
750 2158 868 2225 animo
885 2158 932 2225 sit
947 2169 983 2224 et
999 2157 1066 2224 sibi
1082 2159 1300 2243 respondeat,
1317 2156 1373 2223 his

199 2264 316 2330 verbis
340 2267 519 2331 admonet:
1082 2281 1084 2285 ·

362 2392 448 2476 πρὸς
470 2394 556 2457 ταῦτ’
581 2390 718 2476 ἀμείβου
741 2391 796 2458 καὶ
820 2393 893 2475 λέγ’
921 2386 1112 2482 εὐθαρσὴς
1135 2394 1212 2470 ε’μοί.

200 2513 340 2580 Deinde
352 2515 492 2600 generis
509 2515 563 2581 sui
580 2515 754 2601 originem
768 2516 914 2602 exponit
924 2527 959 2582 et
975 2514 1076 2601 regni
1088 2514 1375 2601 magnitudinem

201 2620 367 2688 describit
377 2625 438 2709 ¹²³),
475 2644 543 2707 quo
572 2623 664 2687 facto
697 2623 814 2687 denuo
848 2623 994 2687 chorum
1026 2623 1201 2703 admonet,
1237 2633 1277 2686 ut
1308 2621 1374 2687 sibi

200 2730 412 2827 respondeat

362 2859 480 2940 ἔχουσα
504 2857 530 2922 ὅ
555 2844 618 2944 ἤδη
642 2845 713 2920 τᾶπ)
737 2858 815 2938 ἐμοῦ
838 2852 997 2941 τεκμήρια

364 2967 456 3050 γένος
478 2953 508 3027 τ’
532 2957 572 3028 ἂν
595 2959 738 3046 ἐξεύχοιο
762 2962 825 3028 καὶ
849 2963 976 3048 λέγοις
1000 2963 1150 3046 πρόσω.

203 3092 279 3152 Nec
302 3110 373 3153 non
399 3109 549 3172 sequens
574 3087 685 3152 oratio
702 3088 902 3174 (277-289)
919 3088 1042 3152 eodem
1059 3087 1165 3151 modo
1183 3085 1376 3172 composita

204 3204 270 3277 est3
305 3217 388 3259 nam
420 3216 481 3259 rex
514 3217 585 3259 non
618 3194 841 3280 perspiciens
874 3217 943 3280 quo
968 3192 1043 3259 iure
1067 3194 1246 3258 Danaides
1270 3191 1387 3278 Argis·

203 3323 242 3368 se
276 3300 442 3367 oriundas
476 3324 551 3367 esse
587 3303 817 3385 contendant,
857 3300 1009 3387 primum
1044 3301 1246 3366 Danaidum
1282 3299 1376 3364 dicta

204 3407 382 3474 credibilia
407 3407 530 3474 auditu
555 3431 630 3473 esse
654 3420 775 3493 negat:

365 3519 484 3581 ἄπιστα
506 3507 681 3600 ,candeio-9³,
706 3508 732 3582 oi
756 3519 842 3598 ξένοι,
866 3519 970 3582 κλύειν
993 3519 1067 3599 ἐμοί

366 3626 470 3695 ὅπως
492 3615 574 3688 τόδ’
600 3627 689 3708 ὑμῖν
713 3625 792 3690 ἐστιν
816 3616 978 3711 Ἀργεῖον
1003 3626 1116 3705 γένος.

299 3818 351 3905 1²²)
374 3825 461 3880 Talia
499 3843 536 3882 ex
569 3843 625 3882 usu
661 3825 808 3882 sermonis
844 3824 987 3881 cotidiani
1023 3831 1086 3880 arte
1122 3823 1251 3880 carentis
1287 3823 1378 3880 ducta

205 3931 274 3970 esse
289 3913 443 3988 Behaghel
465 3915 622 3989 permultis
646 3915 780 3971 omnium
803 3913 866 3970 fere
889 3913 1056 3988 linguarum
1081 3912 1226 3987 exemplis
1243 3912 1378 3969 collectis

206 4003 422 4060 demonstravit
446 3997 533 4084 (Paul
555 4003 617 4060 und
640 4003 773 4060 Braunes
791 4002 930 4076 Beitriige
953 4001 1038 4057 XXX
1065 3999 1158 4059 1905.
1183 3999 1243 4060 431
1264 4000 1328 4075 ss).

322 4087 375 4175 ¹²³)
404 4092 491 4149 Haec
526 4093 670 4168 digressio
698 4093 776 4167 regis
806 4110 876 4148 cum
903 4091 1020 4165 longior
1048 4091 1086 4146 sit
1113 4108 1204 4164 quam
1235 4089 1377 4147 dramatis

206 4179 286 4239 actio
322 4184 455 4257 postulat
485 4190 516 4239 et
549 4181 649 4257 potius
673 4200 844 4238 sermonem
873 4180 994 4254 epicum
1021 4180 1167 4245 redoleat,
1192 4179 1317 4236 fortasse
1342 4195 1379 4234 ex

205 4272 288 4329 fonte
313 4273 462 4346 Aeschyli,
491 4273 574 4346 quod
598 4288 721 4327 carmen
745 4270 865 4345 epicum
889 4269 1045 4326 Danaides
1069 4268 1160 4324 fuisse
1184 4267 1217 4324 E.
1241 4267 1379 4341 Meyerus

207 4361 311 4418 statuit
334 4355 560 4442 (Forschungen
583 4379 606 4415 z.
631 4378 657 4416 a.
682 4359 793 4417 Gesch.
810 4359 831 4415 I.
856 4354 911 4436 64)
935 4358 964 4414 in
989 4357 1175 4432 tragoediam
1200 4355 1324 4413 transiit.
1350 4380 1353 4385 ’
