3136 4914
683 329 904 398 ...52-

203 543 331 610 nuntio
363 551 391 628 8,
426 545 571 632 reginae
599 551 628 629 2,
663 545 791 611 nuntio
823 551 848 628 1,
883 543 1028 632 reginae
1055 550 1081 627 l,
1115 544 1243 612 nuntio
1269 549 1295 629 l,
1330 566 1383 610 re·

203 650 310 737 ginae
339 657 358 718 3
387 673 510 719 versus
543 652 617 720 dati
652 650 736 734 sint,
771 653 921 719 alterum
955 649 1156 739 (433-446)
1183 651 1251 718 hoc
1273 651 1381 717 modo

207 757 441 846 compositum
480 771 546 843 est,
589 771 631 827 ut
673 758 798 846 regina
837 764 857 824 2
896 781 1032 841 versus,
1071 757 1220 824 nuntius
1259 762 1292 841 3,
1330 780 1382 824 re·

204 865 291 951 gina
319 871 348 949 3,
377 865 526 932 nuntius
555 873 584 951 4,
612 865 737 953 regina
761 871 781 931 2
804 887 928 933 versus
956 864 1170 953 pronuntiet
1216 862 1381 931 Tertium

202 970 355 1058 denique
379 974 589 1059 exemplum,
618 973 715 1040 chori
739 985 775 1040 et
798 969 904 1040 Darei
928 971 1143 1058 colloquium
1165 970 1379 1059 (787-799),

202 1080 321 1166 paullo
357 1079 458 1147 aliter
492 1104 529 1147 se
559 1081 675 1165 habet,
711 1103 792 1146 cum
820 1078 1094 1164 stichomythiae
1121 1080 1270 1144 formam
1299 1077 1380 1145 arti-

202 1183 413 1252 ficiosiorem
429 1189 603 1272 praebeat,
620 1187 670 1254 ita
685 1199 727 1255 ut
742 1188 848 1253 choro
865 1192 884 1252 3
905 1207 1037 1269 versus,
1054 1190 1170 1252 Dareo
1187 1191 1216 1269 3,
1232 1185 1338 1251 choro
1362 1190 1375 1251 l

203 1294 318 1358 Dareo
345 1299 371 1376 l,
396 1294 502 1360 choro
522 1301 534 1360 l
555 1298 671 1361 Dareo
688 1299 717 1378 2,
742 1295 847 1360 choro
865 1298 884 1358 2
901 1315 1024 1359 versus
1041 1291 1249 1360 tribuantur.
1297 1293 1378 1375 Qua

201 1421 239 1465 re
270 1421 350 1465 cum
386 1412 555 1488 appareat
589 1413 701 1468 artem
736 1400 958 1486 dialogorum
987 1400 1310 1486 componendorum
1338 1397 1377 1465 in

202 1505 316 1572 Persis
354 1510 468 1574 multo
505 1508 674 1575 maiorem
713 1506 904 1590 exstitisse,
939 1505 1024 1573 satis
1059 1505 1285 1595 perspicuum
1322 1515 1378 1572 est

201 1612 386 1700 Supplices
411 1613 525 1681 Persis
548 1638 620 1682 non
645 1638 721 1681 esse
744 1637 847 1701 posse
870 1613 1089 1702 posteriores·

307 1720 546 1788 Transeamus
576 1721 646 1788 iam
674 1723 718 1788 ad
748 1721 939 1788 orationes:
970 1744 1028 1786 eas
1057 1743 1196 1807 quoque
1220 1720 1249 1785 si
1278 1742 1378 1785 accu-

200 1825 311 1893 ratius
345 1828 595 1914 spectabimus,
631 1828 782 1915 speciem
811 1828 896 1896 artis
923 1827 1070 1894 minime
1097 1828 1258 1893 excultae
1280 1847 1379 1911 prae-

200 1935 282 2000 bere
325 1935 486 2003 elucebit.
549 1935 704 2002 Primum
748 1936 855 2020 enim,
899 1947 939 2002 ut
982 1933 1158 2002 Orestiam
1201 1932 1377 2017 omittam,

199 2062 352 2127 magnae
375 2041 456 2109 illae
479 2042 665 2127 orationes
689 2065 778 2131 quae
798 2043 869 2109 iam
889 2042 926 2108 in
945 2041 1058 2108 Persis
1074 2039 1377 2129 inveniuntur¹1⁵),

200 2169 290 2234 quae
312 2151 453 2216 fabulae
476 2151 621 2236 Septem
644 2150 775 2216 maiore
798 2172 945 2216 numero
978 2158 1186 2214 ornamento
1210 2157 1302 2230 sunt,
1337 2147 1375 2213 in

200 2254 425 2340 Supplicibus
449 2256 594 2322 omnino
618 2257 869 2338 desiderantur,
893 2279 912 2322 e
936 2255 1036 2321 cuius
1060 2254 1278 2321 orationibus
1302 2276 1374 2322 una

189 2360 531 2448 .(980—1013)p1us
556 2363 704 2449 triginta
732 2385 853 2430 versus
878 2364 997 2446 nabet,
1026 2374 1096 2429 tres
1124 2363 1204 2449 plus
1232 2360 1374 2447 viginti,

200 2477 335 2534 ceterae
358 2469 471 2536 multo
495 2469 621 2537 minus.
648 2473 890 2557 'Argumenta
914 2481 1033 2537 autem
1062 2468 1183 2535 tenuia
1218 2479 1303 2534 sunt
1337 2478 1374 2535 et

199 2576 360 2643 ubertate
383 2588 510 2644 carent.
551 2580 656 2662 Quod
684 2579 828 2664 signum
856 2575 1093 2667 simplicitatis
1120 2587 1157 2643 et
1184 2574 1373 2643 vetustatis

199 2704 276 2748 esse
309 2705 414 2750 nemo
449 2685 597 2771 negabit
631 2685 706 2753 noti
734 2685 829 2751 illius
862 2683 1063 2751 Aristotelis
1095 2681 1289 2750 testimonii
1323 2705 1374 2748 re-

198 2790 440 2879 cordatus110),
479 2815 548 2878 quo
595 2814 674 2859 cum
718 2791 815 2858 chori
858 2802 976 2877 partes
1015 2792 1058 2856 ab
1096 2790 1272 2875 Aeschylo
1309 2789 1374 2855 mi-

197 2907 304 2962 nutas
337 2920 414 2964 esse
442 2898 646 2981 affirmetur,
681 2901 724 2966 ab
754 2901 878 2965 eodem
901 2909 1084 2965 auctorum
1107 2909 1226 2984 partes
1249 2907 1372 2963 auctas

198 3024 274 3068 esse
298 3003 463 3090 sequitur,
511 3005 655 3075 Etenim
684 3017 724 3072 ut
752 3017 849 3072 actor
883 3006 989 3071 choro
1011 3027 1075 3091 par
1099 3002 1283 3079 exsisteret
1305 3014 1373 3070 tra-

199 3108 397 3196 goediaque
420 3133 538 3194 „suam
562 3123 726 3178 naturam
742 3111 940 3199 acciperet“,
963 3111 1000 3177 id
1016 3112 1110 3197 quod
1127 3109 1202 3177 eius
1217 3108 1372 3176 maxime

197 3216 378 3303 proprium
402 3229 455 3284 est
478 3218 590 3284 excoli
607 3220 798 3305 oportebat,
823 3219 1018 3286 orationem
1033 3218 1111 3285 dico
1128 3230 1163 3285 et
1179 3217 1370 3304 dialogum.

198 3326 240 3388 In
276 3336 425 3411 utraque
460 3347 497 3391 re
520 3325 705 3412 Supplices
735 3338 868 3393 statum
896 3326 1196 3413 simplicissimum
1226 3348 1310 3412 prae
1333 3348 1372 3392 se

197 3432 286 3497 ferre
309 3432 479 3499 videmus,
526 3435 578 3499 Ac
602 3435 646 3499 de
669 3433 820 3520 dialogis
844 3433 985 3520 quidem
1003 3433 1074 3500 iam
1090 3432 1252 3500 diximus.
1299 3433 1370 3502 Sed

198 3539 292 3624 quod
305 3540 349 3604 ad
362 3537 537 3605 orationes
551 3541 687 3624 attinet,
700 3540 874 3608 utstatim
886 3533 996 3607 oculis
1009 3551 1176 3627 appareat
1185 3538 1371 3628 Supplices

197 3643 480 3732 antiquissimam
503 3648 660 3713 fabulam
684 3670 768 3730 esse,
793 3647 829 3712 in
854 3649 994 3714 tabulae
1018 3647 1199 3734 appositae
1221 3645 1371 3733 primam

198 3752 399 3818 columnam
423 3752 464 3841 (Ι)
487 3776 611 3819 versus
635 3753 732 3820 chori
748 3752 808 3841 qui
824 3753 930 3821 meris
946 3754 1101 3837 canticis,
1124 3754 1162 3820 in
1179 3754 1372 3820 secundam

313 4007 367 4085 ¹¹⁵)
395 4009 577 4078 tto-214,
601 4009 787 4079 353-432‚
814 4010 999 4071 800-842.

314 4111 370 4194 ¹¹⁶)
395 4117 571 4175 Aristoteles
607 4119 645 4175 de
681 4125 745 4176 arte
769 4126 852 4193 poet.
872 4117 938 4176 c.4
973 4111 1009 4180 τό
1039 4139 1070 4178 τε
1096 4120 1161 4178 τῶν
1188 4116 1371 4200 ὑποκριτῶν

194 4201 376 4371 πήιέἒέῗσεέἷ
398 4201 468 4272 ἑνὸς
492 4205 536 4272 εἷς
558 4203 618 4268 δύο
640 4209 767 4288 πρῶτος
782 4204 947 4286 Αἰσχύλος
962 4205 1060 4285 ἤγαγε
1075 4204 1128 4268 καὶ
1147 4203 1184 4267 τὰ
1199 4210 1255 4268 τοῦ
1270 4211 1371 4289 χοροῦ
