3136 4914
665 294 887 363 -30..

191 509 283 577 tiaco
306 515 397 597 βᾶρις
420 509 533 577 utitur
557 521 592 577 et
612 509 647 576 in
667 510 780 577 Persis
804 512 893 597 (553)
917 522 953 576 et
969 509 1004 575 in
1022 508 1249 596 Supplicibus
1266 514 1373 599 (837).

194 621 377 685 Praeterea
406 618 494 684 conf.
518 617 640 704 Suppl.
663 622 727 684 560
756 620 855 702 Τυφῶ
886 621 982 702 μένος
1011 620 1163 705 <spodon
1189 612 1228 685 ro
1248 620 1377 687 Νείλου

192 723 299 798 νόσοις
310 728 444 792 ἄθικτον
461 735 496 790 et
510 729 573 790 854
585 747 627 790 ss,
646 747 727 790 cum
739 726 871 792 Herod.
886 728 921 789 II
945 729 992 791 16.
1018 729 1164 790 Pausan.
1173 728 1262 792 VIII
1276 730 1326 791 37.
1341 731 1370 792 6.

192 835 248 898 Ne
276 833 386 898 altera
415 831 558 917 quidem
582 830 656 896 Nili
680 831 793 898 virtus
816 832 993 916 Aeschylo
1017 830 1143 917 ignota
1167 841 1257 909 erat3
1286 854 1370 898 nam

194 937 335 1027 saepius
351 937 475 1004 Nilum
493 948 621 1004 terram
644 939 862 1024 adaggerare
879 949 1129 1027 commemorat
1153 939 1287 1024 (Suppl.
1305 943 1370 1006 314.

194 1049 304 1111 Prom.
320 1050 393 1110 847.
410 1045 475 1130 lrg.
492 1043 556 1111 inc
574 1044 660 1132 300).
684 1043 770 1113 Sine
786 1043 894 1111 dubio
917 1028 1033 1131 igiturA
1051 1068 1096 1110 ex
1116 1047 1240 1111 eodem
1262 1047 1374 1129 fonte,

192 1174 262 1239 quo
291 1162 406 1218 cetera
429 1174 519 1239 quae
543 1153 586 1217 de
614 1153 718 1218 rebus
741 1151 972 1238 Aegyptiacis
996 1162 1173 1237 comperta
1207 1153 1371 1235 habebat,

194 1257 323 1341 hausit,
347 1257 454 1325 etiam
479 1272 540 1324 cur
562 1258 667 1323 Nilus
691 1268 882 1345 augeretur
905 1257 1035 1324 didicit.
1082 1257 1152 1342 Qui
1177 1269 1270 1325 certe
1293 1257 1369 1324 sive

193 1365 282 1432 liber
310 1365 418 1454 aliqui
443 1365 518 1432 sive
540 1365 703 1432 homines
727 1367 878 1449 fuerunt,
909 1388 990 1432 cum
1012 1365 1083 1432 iam
1111 1365 1146 1430 in
1174 1365 1286 1431 Persis
1311 1368 1389 1456 ad?

192 1471 328 1540 hibitus
351 1471 405 1556 sit,
428 1475 664 1559 Anaxagorae
687 1471 776 1539 libro
800 1471 979 1560 antiquior
1001 1471 1079 1541 ruit.

299 1578 1376 1667 ArgumentationedeniqueadmodumlevidensiJurenka⁶¹)
1431 1656 1433 1659 ¹

195 1692 317 1754 Persas
344 1685 572 1773 Supplicibus
601 1685 817 1773 antiquiores
850 1709 926 1754 esse
954 1688 1193 1753 demonstrare
1223 1698 1373 1753 conatus

194 1804 248 1861 est
282 1794 365 1860 inde
399 1795 586 1880 profectus
625 1795 719 1881 quod
753 1795 950 1879 Aeschylus
987 1816 1123 1880 semper
1157 1793 1193 1859 id
1229 1793 1372 1881 egisset,

193 1913 235 1969 ut
267 1923 438 1987 personae
474 1899 661 1989 primariae
699 1900 843 1968 elatiore
877 1903 953 1967 loco
993 1912 1112 1967 essent
1149 1923 1255 1986 quam
1291 1901 1373 1968 cho-

193 2031 262 2075 rus,
316 2012 441 2094 Itaque
487 2030 561 2074 rem
599 2030 681 2074 eum
726 2008 777 2075 ita
815 2006 1020 2090 instituisse,
1056 2018 1097 2073 ut
1134 2017 1270 2074 actores
1308 2019 1373 2074 aut

194 2137 297 2182 curru
325 2115 362 2180 in
386 2116 602 2181 orchestram
629 2114 787 2202 provecti
816 2138 922 2202 supra
950 2115 1096 2181 chorum
1126 2115 1371 2196 eminerent⁶²)

194 2233 257 2288 aut
279 2221 316 2287 in
340 2222 417 2287 loco
441 2222 595 2308 quodam
610 2221 788 2308 superiore
805 2221 1044 2288 consisterent.
1053 2223 1093 2308 ⁶³)
1140 2225 1182 2286 In
1199 2221 1378 2308 Supplici-

194 2330 260 2396 bus
293 2339 413 2394 autem
441 2331 607 2394 Danaum
634 2352 665 2394 v.
689 2333 752 2393 713
782 2329 906 2395 collem
941 2329 1190 2394 ascendentem
1225 2327 1370 2395 elatiore

194 2436 272 2500 loco
300 2457 408 2521 quam
436 2435 582 2500 chorum
610 2434 750 2517 versari,
785 2433 906 2500 sedin
931 2435 1063 2522 parodo
1086 2457 1230 2501 necesse
1252 2434 1373 2518 fuisse,

195 2553 236 2608 ut
263 2545 410 2608 Danaus
437 2564 549 2627 aequo
577 2542 653 2608 loco
682 2563 763 2608 cum
791 2543 896 2607 choro
924 2539 960 2606 in
991 2543 1206 2608 orchestram
1234 2541 1372 2609 intrans

197 2647 314 2736 aliquo
337 2649 443 2715 modo
467 2671 573 2734 supra
597 2649 744 2715 chorum
760 2646 937 2715 emineret.
985 2652 1110 2735 Itaque
1130 2648 1167 2714 in
1189 2650 1257 2715 hac
1272 2659 1375 2734 parte

195 2755 414 2845 Supplicum,
439 2778 520 2822 cum
542 2754 578 2820 in
598 2754 711 2821 Persis
734 2756 895 2820 nondum
923 2755 1082 2838 fuissent,
1108 2756 1299 2822 cothurnos
1327 2756 1376 2821 ab

194 2865 370 2948 Aeschylo
393 2863 560 2930 inventos
582 2861 735 2948 primum
760 2860 937 2928 adhibitos
962 2885 1045 2928 esse.
1092 2862 1162 2930 Sed
1180 2862 1374 2928 cothurnos

196 2972 241 3036 ab
263 2970 438 3054 Aeschylo
473 2991 544 3034 non
569 2967 743 3051 inventos,
772 2969 833 3034 sed
857 2967 928 3033 iam
956 2967 1092 3054 pridem
1121 2970 1164 3035 ab
1194 2968 1371 3036 actoribus

197 3062 374 3142 adhibitos
390 3096 461 3141 una
478 3076 572 3141 solea
593 3073 714 3141 addita
734 3073 875 3140 altiores
899 3074 1054 3141 redditos
1077 3098 1154 3142 esse
1178 3079 1222 3142 M.
1249 3075 1379 3142 Bieber

196 3204 309 3269 nuper
346 3180 542 3267 monuit.⁶⁴)
597 3183 713 3265 Quam
752 3182 884 3246 soleam
923 3181 958 3247 in
999 3180 1113 3248 Persis
1151 3205 1222 3247 non
1263 3181 1373 3248 luisse

196 3289 365 3357 audacius
389 3298 442 3355 est
466 3289 690 3371 contendere;
714 3311 755 3355 ac
778 3287 807 3354 si
831 3287 867 3353 in
894 3288 1007 3354 Persis
1030 3313 1063 3355 v.
1088 3293 1152 3354 598
1177 3290 1373 3355 secundum

196 3398 387 3472 Iurenkam
402 3395 527 3482 regina
551 3418 632 3461 cum
652 3394 794 3461 famulis
818 3394 895 3461 sine
916 3394 1098 3461 cothurnis
1114 3395 1274 3482 ingressa
1291 3418 1373 3461 cum

306 3632 333 3673 ⁶¹
372 3633 494 3693 Wiener
516 3633 641 3690 Studien
664 3632 763 3689 XXIII
787 3627 904 3715 (1901)
929 3632 1003 3694 209.

308 3721 337 3762 ⁶²
373 3722 408 3778 In
431 3722 528 3779 Persis
551 3722 655 3798 regina
676 3741 704 3779 v.
730 3721 803 3791 154,
835 3723 865 3780 in
893 3723 1086 3797 Supplicibns
1125 3724 1267 3798 Pelasgus
1295 3721 1376 3784 240.

199 3810 273 3880 922,
296 3812 327 3868 in
350 3812 584 3886 Agamemnone
608 3829 660 3868 rex
683 3809 758 3871 783.

306 3899 347 3974 63)
370 3900 405 3957 In
428 3901 525 3958 Persis
548 3900 683 3976 reginam
707 3902 746 3958 ob
776 3919 846 3958 eam
875 3919 999 3958 causam
1028 3903 1175 3957 tumulum
1204 3901 1376 3958 ascendere

197 4009 224 4046 v.
249 3987 323 4050 607.
1199 4044 1201 4048 Α

306 4071 349 4159 ⁶⁴)
358 4077 423 4136 Das
435 4078 609 4135 Dresdener
619 4075 928 4154 Schanspielerrelief.
946 4078 1037 4139 1907.
1057 4078 1153 4136 Bono.
1177 4079 1215 4136 cf.
1227 4079 1379 4146 AKorte.

201 4166 284 4239 „Der
298 4167 436 4225 Kothnrn
452 4168 493 4224 im
511 4168 546 4224 V.
561 4167 783 4243 Jahrhundert“
808 4167 996 4246 (Festschrift
1010 4187 1061 4224 zur
1077 4167 1129 4227 49.
1143 4169 1375 4243 Versammlung

196 4255 369 4314 Deutscher
391 4257 565 4332 Philologen
588 4256 651 4313 und
674 4257 900 4314 Schulmanner.
937 4257 1035 4314 Basel.
1076 4256 1169 4317 1907.
