3136 4914
674 297 898 365 „34-

199 524 304 599 poeta
328 513 471 600 egregie
494 513 670 600 praestitit
694 525 737 597 et,
766 513 848 600 quia
870 515 990 580 fabula
1013 513 1268 600 spectatoribus
1292 527 1380 582 nota

200 632 283 704 erat,
307 623 436 687 audere
455 621 579 707 potuit
619 625 673 687 De
694 622 819 687 umbra
835 632 954 688 autem
971 620 1058 707 Argi
1082 621 1131 687 sic
1147 620 1379 688 iudicandum

200 740 268 795 est:
292 727 329 793 in
353 727 580 815 Supplicibus
605 731 644 794 Io
669 738 784 794 oestro
808 726 966 794 immisso
990 727 1155 814 agitatur,
1180 727 1216 793 in
1240 731 1380 794 Prome-

202 836 285 901 theo
310 857 390 900 cum
415 846 529 901 oestro
554 846 630 901 tum
654 836 778 901 umbra
801 835 904 921 Argi:
937 857 1052 902 novus
1076 834 1186 920 igitur
1210 835 1378 901 stimulus

200 953 254 1008 est
269 944 394 1008 umbra
410 941 507 1028 Argi,
523 941 750 1029 Supplicibus
766 942 920 1028 ignotus,
969 944 1087 1032 Quare
1102 953 1239 1008 oestrus
1255 942 1382 1008 deesse

199 1059 351 1137 poterat:
386 1050 483 1115 hunc
513 1048 624 1135 igitur
656 1072 694 1115 re
726 1072 809 1116 vera
838 1071 882 1114 ex
909 1047 1136 1136 Supplicibus
1159 1049 1378 1133 Aeschylum

199 1154 387 1222 retinuisse
414 1153 604 1222 verisimile
628 1166 688 1223 est.

308 1264 426 1350 Atque
449 1263 537 1328 haec
560 1264 604 1329 de
626 1263 760 1350 mytho,
807 1266 883 1328 Iam
907 1263 951 1327 de
975 1265 1035 1326 Ius
1051 1260 1168 1347 ligura
1183 1261 1378 1327 videamus,

198 1373 293 1436 Nam
315 1369 351 1434 in
376 1368 603 1456 Supplicibus
627 1373 666 1435 Io
690 1391 829 1454 semper
851 1371 915 1436 bos
940 1369 1139 1455 appellatur
1163 1378 1242 1434 eta
1270 1367 1378 1433 choro

197 1480 242 1561 (v.
260 1481 310 1542 44.
329 1481 402 1559 299,
426 1474 579 1562 saepius)
603 1486 639 1542 et
662 1500 683 1542 a
706 1499 789 1562 rege
820 1479 864 1562 (y.
887 1481 961 1543 300.
984 1476 1069 1561 313).
1117 1479 1200 1544 Uno
1235 1485 1377 1541 tantum

198 1583 274 1649 loco
298 1581 367 1648 alia
390 1583 564 1668 quaedam
589 1581 686 1648 Ionis
709 1585 821 1649 forma
843 1592 1059 1649 memoratur
1082 1606 1113 1648 v.
1131 1586 1195 1646 565
1213 1605 1255 1648 ss.

411 1710 519 1792 βροτοὶ
543 1697 572 1772 δ’
591 1711 624 1772 οἳ
643 1715 700 1790 γᾶς
721 1700 783 1773 τότ’
807 1709 889 1792 ἦσαν
912 1705 1043 1790 ἔννομοι

414 1817 536 1899 χλωρῷ
560 1816 685 1897 δείματι
710 1816 818 1899 θυμὸν

409 1924 550 1988 πάλλοντ’
578 1923 651 2005 ὄψιν
674 1924 770 2006 ἀήθη,

413 2022 510 2114 βοτόν
533 2032 705 2113 ἐσορῶντες
729 2031 877 2113 δυσχερὲς
899 2030 1130 2113 μειξόμβροτον

409 2138 465 2201 τὰν
487 2138 546 2220 μὲν
570 2137 649 2220 βοός
670 2138 727 2201 τὰν
751 2138 781 2200 δ’
801 2136 841 2201 οὗ
866 2161 972 2224 γονοει-

410 2246 486 2314 κός·
519 2243 612 2326 τέρος
636 2246 665 2308 δ’
679 2244 854 2328 ἐθάμβουν.

196 2368 327 2434 Contra
354 2367 391 2432 in
418 2368 626 2433 Prometheo
655 2371 695 2432 Ιο
725 2377 766 2432 ut
788 2370 955 2451 βούκερως
977 2371 1139 2452 παρθένος
1167 2368 1209 2454 (v.
1236 2367 1312 2455 588)
1336 2366 1373 2432 in
1437 2351 1439 2355 ¹

196 2495 361 2540 scaenam
384 2473 571 2540 inducitur.
618 2475 670 2539 Ac
686 2476 830 2540 luerunt
846 2472 905 2559 qui
922 2478 1152 2560 μειξόμβροτον
1167 2477 1262 2559 βοτόν
1278 2473 1373 2540 idem

195 2604 272 2647 esse
295 2580 454 2648 arbitrati
478 2604 519 2647 ac
541 2584 710 2667 βούκερων
733 2581 909 2666 παρθένον,
934 2604 995 2647 cur
1010 2582 1207 2665 Aeschylus
1224 2604 1296 2647 uno
1313 2579 1374 2647 illo

194 2689 271 2754 loco
295 2687 491 2776 scripsisset
506 2691 740 2774 μειξόμβροτον
756 2690 860 2773 βοτὸν,
884 2687 985 2754 aliter
1001 2687 1166 2774 explicari
1182 2710 1254 2754 non
1271 2710 1379 2773 posse

195 2807 378 2862 censerent
420 2794 488 2860 uisi
532 2795 629 2879 inde,
675 2797 769 2882 quod
809 2795 993 2883 Supplices
1032 2793 1241 2882 posteriores
1281 2806 1375 2861 esset

196 2903 418 2976 Prometheo,
456 2925 525 2988 qua
565 2901 601 2967 iu
644 2904 764 2968 fabula
799 2903 996 2986 Aeschylus
1034 2905 1183 2968 formam
1221 2900 1372 2987 virginis

196 3007 401 3094 cornigerae
439 3008 642 3092 invenisset,
681 3010 780 3076 velut
812 3007 1052 3077 Weckleinius
1083 3007 1119 3074 in
1152 3008 1257 3094 praef.
1290 3007 1374 3073 edit

193 3115 347 3202 Supplic.
381 3138 447 3181 nec
485 3116 598 3180 multo
640 3114 741 3181 aliter
776 3115 1104 3203 Engelmannus⁶⁷)
1177 3115 1247 3183 Sed
1292 3136 1373 3180 cum

192 3245 256 3310 per
278 3246 316 3289 se
340 3222 413 3289 veri
438 3221 608 3289 dissimile
634 3233 709 3288 erat
733 3223 949 3307 Aeschylum
973 3244 1045 3287 uno
1066 3224 1142 3288 loco
1163 3219 1372 3309 Supplicum

193 3339 334 3415 propter
363 3330 612 3394 Prometheum
643 3327 889 3416 μειξόμβροτον
917 3325 1017 3415 βοτὸν
1045 3326 1376 3394 commemoravisse

194 3446 271 3501 tum
296 3434 366 3500 illis
392 3445 486 3502 recte
513 3435 663 3502 occurrit
688 3437 922 3524 Mellenus⁶⁸)‚
946 3458 1007 3502 cur
1026 3435 1223 3519 Aeschylus
1249 3437 1372 3500 Ionem

193 3552 381 3630 postquam
403 3542 580 3628 virginem
602 3542 822 3629 cornigeram
849 3542 1057 3626 induxisset,
1084 3551 1207 3629 postea
1235 3562 1373 3626 semper

192 3650 320 3716 bovem
344 3651 543 3737 appellaret.
590 3651 661 3719 Sed
678 3649 785 3717 etiam
800 3650 903 3736 virgo
920 3672 1051 3716 cornua
1068 3647 1215 3716 vaccina
1231 3657 1372 3714 tantum

193 3778 320 3842 gerens
343 3756 404 3844 vix
431 3754 664 3843 μειξόμβροτον
687 3756 836 3843 δυσχερὲς
864 3759 962 3840 βοτόν
990 3755 1108 3822 vocari
1137 3776 1252 3840 neque
1280 3764 1374 3820 certe

192 3861 354 3929 semifero
378 3862 446 3928 dici
470 3873 587 3949 potest
612 3859 685 3946 (τόν
708 3854 738 3930 d'
755 3864 796 3929 αὖ
819 3864 900 3947 βοὸς
923 3855 984 3929 τόν
1008 3856 1038 3929 δ’
1052 3862 1093 3927 αὖ
1109 3861 1286 3950 μοναικός);
1311 3862 1373 3926 sed

304 4082 346 4158 ⁶⁷)
368 4082 402 4140 In
425 4084 571 4141 Roscheri
594 4083 665 4144 Lex.
689 4084 779 4158 Myth.
804 4100 827 4139 s.
852 4102 879 4138 v.
901 4081 945 4143 Io,
963 4081 991 4137 ΙΙ
1015 4079 1089 4139 271.

190 4279 211 4334 p
246 4167 347 4320 29068)
370 4172 418 4229 De
442 4173 491 4229 Ius
514 4173 618 4229 fabula
640 4171 850 4246 Diss.Upsala
870 4170 963 4232 1901.
997 4190 1027 4244 p.
1052 4169 1092 4229 84
1122 4168 1159 4230 cl.
1185 4169 1281 4244 Korte
1305 4171 1323 4225 l.
1345 4186 1374 4226 c.
