3136 4914
673 349 894 419 -219-

182 565 270 636 'hoc
297 567 509 638 vocabulum
537 565 683 635 minime
712 571 867 656 glossam
897 566 1072 656 poeticam
1100 567 1216 653 inisse,
1245 571 1306 638 sed
1330 591 1375 640 ue

203 699 224 741 a
237 696 397 743 sermone
410 672 551 762 quidem
566 674 743 742 cotidiano
756 676 910 743 alienum
924 688 986 743 aut
999 687 1091 742 certe
1104 675 1374 752 architectorum

201 781 382 868 proprium
408 781 532 849 titulus
556 785 657 849 docet
674 783 889 870 Deliacus³³)
913 808 933 849 a
958 780 1084 849 Kiirtio
1108 785 1283 870 allegatus
1303 805 1375 850 sae·

202 891 281 956 culo
293 892 446 957 secundo
460 890 791 975 a.Chr.n.exaratus,
801 891 1010 976 ubilegitur:
1028 894 1272 977 ἕργαλαβήσαντι
1283 900 1375 975 ποιῆ-

201 1024 256 1064 σαι
273 1001 414 1082 κεφαλὴν
424 1002 564 1087 ἑκατέρῳ
576 1002 702 1082 ε’νωπίῳ
714 1007 778 1064 τῶν
791 1007 903 1066 στοῶν.
929 998 1059 1084 Agitur
1070 995 1180 1084 igitur
1193 1000 1236 1064 de
1248 997 1374 1065 utrius·

201 1126 268 1190 que
285 1104 403 1172 lateris
419 1102 615 1192 fastigi0.³⁴)
641 1108 765 1192 ltaque
782 1115 817 1171 et
833 1105 869 1170 iu
884 1104 988 1172 titulo
999 1104 1142 1182 Deliaco
1159 1115 1194 1171 et
1211 1107 1304 1191 apud
1317 1105 1373 1172 Al-

202 1233 324 1278 caeum
348 1216 470 1280 ἐνώπια
494 1211 676 1279 interiores
700 1214 832 1278 frontes
862 1212 1034 1298 parietum
1059 1211 1257 1279 lateralium
1281 1224 1373 1296 sunt,

200 1341 347 1405 quarum
381 1321 490 1386 altera
514 1318 613 1386 alteri
638 1319 798 1406 opposita
823 1331 884 1403 est,
917 1341 996 1386 cum
1022 1318 1192 1404 Hesychii
1217 1321 1323 1387 verba
1348 1343 1371 1386 a

200 1431 325 1494 ἐνώπια
334 1429 346 1499 l
346 1429 383 1491 τὰ
394 1429 587 1510 καταντικρὺ
599 1437 654 1493 τοῦ
670 1429 817 1499 πυλῶνος
832 1429 1011 1512 φαινόμενα
1023 1431 1101 1516 μέρη
1112 1454 1140 1492 κ.
1149 1454 1172 1491 τ.
1184 1431 1221 1508 λ.)
1234 1428 1278 1493 ad
1292 1448 1372 1495 eum

200 1533 369 1618 parietem
401 1544 558 1620 spectare
593 1534 787 1617 videantur,
821 1534 880 1620 qui
909 1546 944 1600 et
973 1532 1120 1600 intranti
1155 1544 1190 1600 et
1219 1544 1371 1620 praeter-

200 1640 297 1707 eunti
322 1643 490 1709 adversus
525 1653 586 1726 est,
616 1641 734 1729 itaque
768 1641 905 1708 medius
930 1640 1122 1709 interillos
1146 1639 1296 1728 parietes
1320 1654 1373 1708 est

199 1760 234 1813 et
261 1761 399 1834 portam
428 1748 593 1816 continet.
640 1749 711 1817 Sed
736 1748 771 1814 iu
797 1752 907 1816 altera
932 1747 1102 1834 Hesychii
1128 1749 1245 1834 glossa
1269 1747 1372 1816 latior

200 1856 362 1924 vocabuli
392 1853 608 1943 significatio
632 1855 783 1922 inveniri
808 1853 947 1922 videtur
972 1877 1051 1922 cum
1076 1860 1197 1924 ἐνώπια
1221 1858 1257 1921 τὰ
1281 1859 1373 1923 ἔνδον

160 1985 161 1990 ’
200 1960 281 2045 (scil.
305 1969 369 2027 τῶν
388 1964 509 2048 πυλῶν)
527 1984 602 2028 esse
619 1964 811 2045 tradantur,
829 1967 910 2028 ὅπου
928 1967 960 2027 αἱ
974 1960 1094 2034 εἰκόνες
1109 1960 1179 2028 scil.
1197 1960 1371 2049 imagines

199 2088 278 2132 cum
313 2066 466 2134 familiae
503 2079 578 2135 tum
614 2068 760 2136 aliarum
796 2090 1023 2155 personarunt
1055 2072 1199 2138 ribemot.
1247 2072 1371 2156 Itaque

198 2173 341 2241 omnino
368 2179 493 2244 ἐνώπια
516 2175 698 2243 interiores
721 2175 872 2262 parietes
896 2198 971 2245 esse
995 2174 1168 2259 videntur,
1197 2197 1266 2262 qua
1290 2197 1369 2241 cum

197 2280 429 2368 explicatione
468 2283 551 2351 facit
590 2283 695 2350 huius
735 2284 896 2352 vocabuli
936 2294 1093 2372 etymom
1133 2306 1217 2350 nam
1255 2296 1295 2351 ut
1332 2283 1368 2350 F.

198 2389 397 2456 Bechtelius
413 2413 469 2457 me
486 2390 613 2475 docuit,
637 2396 808 2480 προνώπια
833 2402 916 2458 sunt
939 2393 975 2456 τὰ
999 2395 1218 2480 πρα-ενώπιας
1241 2394 1280 2458 cl.
1296 2419 1370 2480 πρα-

197 2496 388 2585 αχάραιανία
401 2497 504 2564 titulo
512 2497 926 2586 Lindi0³⁵),qu0dn0men
935 2497 1369 2586 Dittenbergerusprimus

197 2627 240 2669 ex
263 2606 510 2692 προ-εσχάραιαν
526 2616 643 2673 ortum
664 2628 739 2672 esse
756 2605 937 2675 intellexit.
972 2608 1087 2692 Atque
1103 2604 1289 2692 praecipue
1301 2607 1368 2672 hoe

196 2711 408 2778 vocabulum
432 2713 475 2780 de
491 2710 746 2780 vestibulorum
763 2723 825 2780 aut
841 2712 1040 2798 porticuum
1057 2709 1248 2797 parietibus
1273 2712 1368 2780 adhi-

195 2817 268 2885 beri
275 2817 423 2903 videtur,
432 2818 523 2887 sicut
531 2821 624 2906 apud
636 2823 841 2902 Homerum,
855 2817 1367 2903 eorumscilicetaediliciorum,

196 2949 285 3014 quae
298 2949 370 2993 uno
386 2929 494 2994 latere
510 2939 630 3012 aperta
647 2939 739 3011 sunt,
757 2926 791 2992 id
809 2928 902 3013 quod
914 2928 958 2992 de
972 2926 1053 2993 navi
1068 2949 1207 3012 quoque
1216 2948 1366 3014 superne

195 3047 314 3122 aperta
338 3037 440 3102 valet.
488 3037 539 3099 Ac
564 3033 710 3101 Kortius
734 3034 892 3121 parieteS‚
917 3056 1004 3121 quos
1027 3046 1207 3120 tamquam
1226 3032 1365 3102 firmam

196 3183 257 3191 ⁵0*-
261 3184 297 3191 on..
306 3185 324 3191 ...
328 3185 377 3190 -..η-
384 3185 407 3192 ..α

194 3282 296 3332 autem
320 3293 464 3333 scaenam
488 3294 567 3351 quae
592 3277 621 3333 in
645 3276 720 3333 mari
745 3285 799 3344 est,
823 3282 918 3350 poeta
933 3275 1119 3352 digressione
1136 3277 1268 3354 quadam
1284 3277 1365 3334 facta

195 3365 319 3423 carmini
365 3366 540 3431 incluserat;
582 3366 625 3423 sic
661 3365 788 3427 aoristus
832 3383 954 3441 quoque
989 3359 1139 3446 λ]ύσαμεν
1178 3367 1365 3429 intellectum

194 3455 300 3520 habet;
330 3473 422 3530 quem
445 3454 640 3512 Schubartius
664 3454 693 3510 iu
717 3449 877 3535 λῙύσαιμεν
909 3454 1072 3512 emendare
1105 3456 1228 3532 cogitur.
1275 3455 1364 3524 Quae

193 3543 217 3599 si
241 3543 282 3601 ita
306 3551 383 3616 sunt,
419 3544 460 3601 nil
483 3543 611 3620 impedit
634 3544 706 3618 quin
735 3545 794 3601 boc
823 3561 947 3620 quoque
976 3545 1044 3601 loco
1071 3542 1198 3616 ἐνώπια,
1228 3545 1284 3603 nisi
1311 3545 1366 3602 ad·

193 3631 334 3690 iectivum
357 3632 420 3701 fuit,
443 3633 575 3710 parietes
592 3634 700 3691 domus
716 3633 816 3708 aliquo
833 3634 925 3691 modo
942 3631 1059 3701 fuerint,
1083 3634 1164 3710 quod
1180 3635 1363 3694 vocabulum

192 3720 252 3778 alio
276 3740 366 3780 sensu
389 3741 481 3799 quam
504 3723 673 3781 Homerum
697 3723 843 3780 Alcaeum
859 3722 1033 3780 adhibuisse
1050 3723 1211 3782 verisimile
1230 3742 1289 3782 non
1306 3732 1361 3785 est.

301 3841 344 3928 ³³)
368 3846 504 3906 Ditteub.
528 3848 612 3923 Syll.²
635 3845 710 3908 588.
735 3845 808 3909 245.

302 3967 344 4054 34)
367 3971 508 4052 κεφαλὴν
532 3974 655 4050 parietis
679 3973 761 4044 dicit,
785 3982 817 4033 ut
841 3973 921 4049 apud
945 3976 1017 4033 Poll.
1044 3974 1100 4031 Vll
1124 3974 1180 4034 121
1208 3971 1363 4055 κιόκρανα

193 4062 225 4122 αἱ
267 4060 401 4142 κεφαλαὶ
441 4066 504 4122 τῶν
548 4060 665 4123 κώνων
698 4063 844 4124 dicuntur.
894 4063 1017 4122 Kbrtius
1047 4063 1133 4121 vertit
1163 4064 1238 4138 „der
1270 4066 1363 4122 abere

192 4153 387 4211 Abrchluss“.

301 4277 339 4356 ³⁵)
363 4278 498 4338 Dittenb.
522 4277 609 4356 Syll)
633 4279 706 4340 626·
