<?xml version="1.0" encoding="UTF-8"?>
<!DOCTYPE html PUBLIC "-//W3C//DTD XHTML 1.0 Transitional//EN"
    "http://www.w3.org/TR/xhtml1/DTD/xhtml1-transitional.dtd">
<html xmlns="http://www.w3.org/1999/xhtml" xml:lang="en" lang="en">
 <head>
  <title>
</title>
<meta http-equiv="Content-Type" content="text/html;charset=utf-8" />
  <meta name='ocr-system' content='tesseract 3.04.00' />
  <meta name='ocr-capabilities' content='ocr_page ocr_carea ocr_par ocr_line ocrx_word'/>
</head>
<body>
  <div class='ocr_page' id='page_1' title='image "./deaeschylisuppl00mlgoog_0038.png"; bbox 0 0 3136 4914; ppageno 0'>
   <div class='ocr_carea' id='block_1_1' title="bbox 671 333 890 400">
    <p class='ocr_par' dir='ltr' id='par_1_1' title="bbox 671 333 890 400">
     <span class='ocr_line' id='line_1_1' title="bbox 671 333 890 400; baseline 0.005 -17"><span class='ocrx_word' id='word_1_1' title='bbox 671 333 890 400; x_wconf 73' lang='grc'>...38-</span> 
     </span>
    </p>
   </div>
   <div class='ocr_carea' id='block_1_2' title="bbox 190 545 1375 3412">
    <p class='ocr_par' dir='ltr' id='par_1_2' title="bbox 190 545 1373 2535">
     <span class='ocr_line' id='line_1_2' title="bbox 191 545 1368 634; baseline -0.002 -21"><span class='ocrx_word' id='word_1_2' title='bbox 191 546 247 613; x_wconf 90' lang='lat' dir='ltr'>his</span> <span class='ocrx_word' id='word_1_3' title='bbox 282 548 385 613; x_wconf 90' lang='lat' dir='ltr'>annis</span> <span class='ocrx_word' id='word_1_4' title='bbox 417 547 588 629; x_wconf 88' lang='lat' dir='ltr'>innotuit,</span> <span class='ocrx_word' id='word_1_5' title='bbox 623 570 728 634; x_wconf 88' lang='lat' dir='ltr'>quam</span> <span class='ocrx_word' id='word_1_6' title='bbox 766 547 954 614; x_wconf 88' lang='lat' dir='ltr'>Minoicam</span> <span class='ocrx_word' id='word_1_7' title='bbox 990 546 1120 614; x_wconf 91' lang='lat' dir='ltr'>dicunt.</span> <span class='ocrx_word' id='word_1_8' title='bbox 1177 545 1368 614; x_wconf 86' lang='lat' dir='ltr'>Minotauri</span> 
     </span>
     <span class='ocr_line' id='line_1_3' title="bbox 191 653 1368 740; baseline -0.003 -19"><span class='ocrx_word' id='word_1_9' title='bbox 191 654 393 721; x_wconf 90' lang='lat' dir='ltr'>memineris</span> <span class='ocrx_word' id='word_1_10' title='bbox 417 667 452 722; x_wconf 93' lang='lat' dir='ltr'>et</span> <span class='ocrx_word' id='word_1_11' title='bbox 469 656 680 721; x_wconf 92' lang='lat' dir='ltr'>daemonum</span> <span class='ocrx_word' id='word_1_12' title='bbox 698 655 872 740; x_wconf 84' lang='lat' dir='ltr'>capitibus</span> <span class='ocrx_word' id='word_1_13' title='bbox 884 653 1032 720; x_wconf 83' lang='lat' dir='ltr'>asininis</span> <span class='ocrx_word' id='word_1_14' title='bbox 1049 653 1368 740; x_wconf 84' lang='lat' dir='ltr'>instructorum⁸¹);</span> 
     </span>
     <span class='ocr_line' id='line_1_4' title="bbox 191 759 1370 849; baseline -0.002 -22"><span class='ocrx_word' id='word_1_15' title='bbox 191 771 350 827; x_wconf 90' lang='lat' dir='ltr'>monstra</span> <span class='ocrx_word' id='word_1_16' title='bbox 378 761 463 827; x_wconf 90' lang='lat' dir='ltr'>talia</span> <span class='ocrx_word' id='word_1_17' title='bbox 483 760 519 826; x_wconf 88' lang='lat' dir='ltr'>in</span> <span class='ocrx_word' id='word_1_18' title='bbox 544 760 720 847; x_wconf 86' lang='lat' dir='ltr'>lapidibus</span> <span class='ocrx_word' id='word_1_19' title='bbox 746 761 958 828; x_wconf 87' lang='lat' dir='ltr'>insularibus</span> <span class='ocrx_word' id='word_1_20' title='bbox 982 761 1170 849; x_wconf 85' lang='lat' dir='ltr'>praecipue</span> <span class='ocrx_word' id='word_1_21' title='bbox 1193 759 1370 846; x_wconf 77' lang='lat' dir='ltr'>effingun-</span> 
     </span>
     <span class='ocr_line' id='line_1_5' title="bbox 192 867 1370 954; baseline -0.003 -19"><span class='ocrx_word' id='word_1_22' title='bbox 192 873 302 948; x_wconf 82' lang='lat' dir='ltr'>tur.⁸²)</span> <span class='ocrx_word' id='word_1_23' title='bbox 344 869 399 935; x_wconf 90' lang='lat' dir='ltr'>Ad</span> <span class='ocrx_word' id='word_1_24' title='bbox 416 867 589 954; x_wconf 86' lang='lat' dir='ltr'>originem</span> <span class='ocrx_word' id='word_1_25' title='bbox 614 867 725 954; x_wconf 91' lang='lat' dir='ltr'>igitur</span> <span class='ocrx_word' id='word_1_26' title='bbox 748 881 820 935; x_wconf 88' lang='lat' dir='ltr'>tarn</span> <span class='ocrx_word' id='word_1_27' title='bbox 844 867 1028 953; x_wconf 88' lang='lat' dir='ltr'>antiquam</span> <span class='ocrx_word' id='word_1_28' title='bbox 1050 879 1209 934; x_wconf 88' lang='lat' dir='ltr'>monstra</span> <span class='ocrx_word' id='word_1_29' title='bbox 1224 867 1370 954; x_wconf 86' lang='lat' dir='ltr'>posteri-</span> 
     </span>
     <span class='ocr_line' id='line_1_6' title="bbox 190 973 1370 1061; baseline -0.001 -21"><span class='ocrx_word' id='word_1_30' title='bbox 190 975 262 1041; x_wconf 90' lang='lat' dir='ltr'>oris</span> <span class='ocrx_word' id='word_1_31' title='bbox 283 974 408 1041; x_wconf 88' lang='lat' dir='ltr'>aetatis</span> <span class='ocrx_word' id='word_1_32' title='bbox 429 976 585 1042; x_wconf 91' lang='lat' dir='ltr'>redeunt.</span> <span class='ocrx_word' id='word_1_33' title='bbox 626 977 729 1059; x_wconf 78' lang='lat' dir='ltr'>Quod</span> <span class='ocrx_word' id='word_1_34' title='bbox 754 975 783 1041; x_wconf 92' lang='lat' dir='ltr'>si</span> <span class='ocrx_word' id='word_1_35' title='bbox 807 974 1089 1061; x_wconf 79' lang='lat' dir='ltr'>cogitaverimus,</span> <span class='ocrx_word' id='word_1_36' title='bbox 1112 973 1243 1039; x_wconf 88' lang='lat' dir='ltr'>mirum</span> <span class='ocrx_word' id='word_1_37' title='bbox 1257 996 1370 1061; x_wconf 91' lang='lat' dir='ltr'>paene</span> 
     </span>
     <span class='ocr_line' id='line_1_7' title="bbox 193 1081 1372 1168; baseline -0.002 -21"><span class='ocrx_word' id='word_1_38' title='bbox 193 1082 335 1148; x_wconf 90' lang='lat' dir='ltr'>videtur</span> <span class='ocrx_word' id='word_1_39' title='bbox 358 1081 394 1146; x_wconf 88' lang='lat' dir='ltr'>in</span> <span class='ocrx_word' id='word_1_40' title='bbox 412 1092 486 1147; x_wconf 90' lang='lat' dir='ltr'>arte</span> <span class='ocrx_word' id='word_1_41' title='bbox 503 1083 649 1168; x_wconf 88' lang='lat' dir='ltr'>antiqua</span> <span class='ocrx_word' id='word_1_42' title='bbox 663 1083 786 1148; x_wconf 88' lang='lat' dir='ltr'>lonem</span> <span class='ocrx_word' id='word_1_43' title='bbox 798 1082 959 1168; x_wconf 86' lang='lat' dir='ltr'>integrae</span> <span class='ocrx_word' id='word_1_44' title='bbox 970 1105 1098 1148; x_wconf 87' lang='lat' dir='ltr'>vaccae</span> <span class='ocrx_word' id='word_1_45' title='bbox 1110 1084 1222 1148; x_wconf 81' lang='lat' dir='ltr'>forma</span> <span class='ocrx_word' id='word_1_46' title='bbox 1234 1103 1372 1167; x_wconf 89' lang='lat' dir='ltr'>semper</span> 
     </span>
     <span class='ocr_line' id='line_1_8' title="bbox 192 1188 1371 1276; baseline -0.001 -22"><span class='ocrx_word' id='word_1_47' title='bbox 192 1188 348 1274; x_wconf 87' lang='lat' dir='ltr'>depingi,</span> <span class='ocrx_word' id='word_1_48' title='bbox 376 1190 475 1255; x_wconf 88' lang='lat' dir='ltr'>velut</span> <span class='ocrx_word' id='word_1_49' title='bbox 502 1188 537 1254; x_wconf 90' lang='lat' dir='ltr'>in</span> <span class='ocrx_word' id='word_1_50' title='bbox 574 1189 661 1254; x_wconf 90' lang='lat' dir='ltr'>solio</span> <span class='ocrx_word' id='word_1_51' title='bbox 695 1211 833 1276; x_wconf 91' lang='lat' dir='ltr'>quoque</span> <span class='ocrx_word' id='word_1_52' title='bbox 862 1190 1051 1273; x_wconf 88' lang='lat' dir='ltr'>Amyclaeo</span> <span class='ocrx_word' id='word_1_53' title='bbox 1079 1189 1212 1254; x_wconf 82' lang='lat' dir='ltr'>lactum</span> <span class='ocrx_word' id='word_1_54' title='bbox 1241 1192 1371 1270; x_wconf 78' lang='lat' dir='ltr'>erat⁸³)‚</span> 
     </span>
     <span class='ocr_line' id='line_1_9' title="bbox 192 1293 1371 1380; baseline -0.002 -19"><span class='ocrx_word' id='word_1_55' title='bbox 192 1306 230 1361; x_wconf 91' lang='lat' dir='ltr'>et</span> <span class='ocrx_word' id='word_1_56' title='bbox 264 1293 363 1361; x_wconf 85' lang='lat' dir='ltr'>iuxta</span> <span class='ocrx_word' id='word_1_57' title='bbox 407 1318 485 1361; x_wconf 90' lang='lat' dir='ltr'>eam</span> <span class='ocrx_word' id='word_1_58' title='bbox 529 1297 641 1361; x_wconf 81' lang='lat' dir='ltr'>forma</span> <span class='ocrx_word' id='word_1_59' title='bbox 680 1295 800 1377; x_wconf 87' lang='lat' dir='ltr'>mixta,</span> <span class='ocrx_word' id='word_1_60' title='bbox 840 1296 946 1362; x_wconf 90' lang='lat' dir='ltr'>etiam</span> <span class='ocrx_word' id='word_1_61' title='bbox 981 1295 1011 1361; x_wconf 89' lang='lat' dir='ltr'>si</span> <span class='ocrx_word' id='word_1_62' title='bbox 1046 1317 1169 1361; x_wconf 88' lang='lat' dir='ltr'>versus</span> <span class='ocrx_word' id='word_1_63' title='bbox 1203 1294 1371 1380; x_wconf 85' lang='lat' dir='ltr'>Aeschyli</span> 
     </span>
     <span class='ocr_line' id='line_1_10' title="bbox 196 1402 1371 1488; baseline -0.003 -18"><span class='ocrx_word' id='word_1_64' title='bbox 196 1403 328 1488; x_wconf 86' lang='lat' dir='ltr'>(Suppl.</span> <span class='ocrx_word' id='word_1_65' title='bbox 361 1403 438 1488; x_wconf 84' lang='lat'><strong>569)</strong></span> <span class='ocrx_word' id='word_1_66' title='bbox 483 1413 518 1468; x_wconf 90' lang='lat' dir='ltr'>et</span> <span class='ocrx_word' id='word_1_67' title='bbox 562 1425 625 1468; x_wconf 89' lang='lat' dir='ltr'>vas</span> <span class='ocrx_word' id='word_1_68' title='bbox 669 1402 924 1469; x_wconf 91' lang='lat' dir='ltr'>Bostonianum</span> <span class='ocrx_word' id='word_1_69' title='bbox 969 1404 1118 1483; x_wconf 88' lang='lat' dir='ltr'>deesset,</span> <span class='ocrx_word' id='word_1_70' title='bbox 1158 1402 1371 1487; x_wconf 89' lang='lat' dir='ltr'>postulanda</span> 
     </span>
     <span class='ocr_line' id='line_1_11' title="bbox 194 1506 1371 1595; baseline -0.001 -21"><span class='ocrx_word' id='word_1_71' title='bbox 194 1519 293 1574; x_wconf 92' lang='lat' dir='ltr'>esset.</span> <span class='ocrx_word' id='word_1_72' title='bbox 364 1509 523 1575; x_wconf 86' lang='lat' dir='ltr'>Fuerunt</span> <span class='ocrx_word' id='word_1_73' title='bbox 566 1508 676 1594; x_wconf 87' lang='lat' dir='ltr'>igitur</span> <span class='ocrx_word' id='word_1_74' title='bbox 720 1509 815 1574; x_wconf 91' lang='lat' dir='ltr'>lonis</span> <span class='ocrx_word' id='word_1_75' title='bbox 840 1508 997 1595; x_wconf 65' lang='lat' dir='ltr'>&#39;figurae</span> <span class='ocrx_word' id='word_1_76' title='bbox 1035 1507 1111 1574; x_wconf 88' lang='lat' dir='ltr'>vasi</span> <span class='ocrx_word' id='word_1_77' title='bbox 1155 1506 1371 1574; x_wconf 88' lang='lat' dir='ltr'>Bostoniano</span> 
     </span>
     <span class='ocr_line' id='line_1_12' title="bbox 194 1614 1373 1703; baseline -0.001 -22"><span class='ocrx_word' id='word_1_78' title='bbox 194 1614 418 1701; x_wconf 85' lang='lat' dir='ltr'>antiquiores,</span> <span class='ocrx_word' id='word_1_79' title='bbox 452 1639 541 1701; x_wconf 90' lang='lat' dir='ltr'>quae</span> <span class='ocrx_word' id='word_1_80' title='bbox 575 1639 699 1703; x_wconf 91' lang='lat' dir='ltr'>corpus</span> <span class='ocrx_word' id='word_1_81' title='bbox 729 1617 915 1683; x_wconf 87' lang='lat' dir='ltr'>vaccinum</span> <span class='ocrx_word' id='word_1_82' title='bbox 952 1615 1071 1681; x_wconf 90' lang='lat' dir='ltr'>addito</span> <span class='ocrx_word' id='word_1_83' title='bbox 1107 1617 1265 1680; x_wconf 89' lang='lat' dir='ltr'>humano</span> <span class='ocrx_word' id='word_1_84' title='bbox 1301 1637 1373 1680; x_wconf 91' lang='lat' dir='ltr'>cor-</span> 
     </span>
     <span class='ocr_line' id='line_1_13' title="bbox 194 1721 1372 1810; baseline 0 -24"><span class='ocrx_word' id='word_1_85' title='bbox 194 1744 278 1807; x_wconf 90' lang='lat' dir='ltr'>pore</span> <span class='ocrx_word' id='word_1_86' title='bbox 313 1722 490 1810; x_wconf 89' lang='lat' dir='ltr'>superiore</span> <span class='ocrx_word' id='word_1_87' title='bbox 526 1734 561 1788; x_wconf 93' lang='lat' dir='ltr'>et</span> <span class='ocrx_word' id='word_1_88' title='bbox 594 1722 743 1809; x_wconf 88' lang='lat' dir='ltr'>pedibus</span> <span class='ocrx_word' id='word_1_89' title='bbox 774 1722 940 1789; x_wconf 91' lang='lat' dir='ltr'>humanis</span> <span class='ocrx_word' id='word_1_90' title='bbox 960 1723 1183 1808; x_wconf 86' lang='lat' dir='ltr'>praebebant,</span> <span class='ocrx_word' id='word_1_91' title='bbox 1215 1733 1256 1788; x_wconf 92' lang='lat' dir='ltr'>ut</span> <span class='ocrx_word' id='word_1_92' title='bbox 1284 1721 1372 1788; x_wconf 89' lang='lat' dir='ltr'>Cen-</span> 
     </span>
     <span class='ocr_line' id='line_1_14' title="bbox 197 1828 1372 1916; baseline -0.001 -21"><span class='ocrx_word' id='word_1_93' title='bbox 197 1840 377 1895; x_wconf 88' lang='lat' dir='ltr'>taurorum</span> <span class='ocrx_word' id='word_1_94' title='bbox 401 1831 512 1894; x_wconf 84' lang='lat' dir='ltr'>lorma</span> <span class='ocrx_word' id='word_1_95' title='bbox 537 1829 693 1915; x_wconf 91' lang='lat' dir='ltr'>genuina</span> <span class='ocrx_word' id='word_1_96' title='bbox 717 1842 782 1896; x_wconf 90' lang='lat' dir='ltr'>est:</span> <span class='ocrx_word' id='word_1_97' title='bbox 808 1852 932 1915; x_wconf 90' lang='lat' dir='ltr'>corpus</span> <span class='ocrx_word' id='word_1_98' title='bbox 961 1828 1138 1916; x_wconf 90' lang='lat' dir='ltr'>equinum,</span> <span class='ocrx_word' id='word_1_99' title='bbox 1163 1850 1289 1915; x_wconf 91' lang='lat' dir='ltr'>corpus</span> <span class='ocrx_word' id='word_1_100' title='bbox 1317 1851 1372 1894; x_wconf 92' lang='lat' dir='ltr'>su-</span> 
     </span>
     <span class='ocr_line' id='line_1_15' title="bbox 194 1933 1372 2024; baseline 0 -23"><span class='ocrx_word' id='word_1_101' title='bbox 194 1935 313 2022; x_wconf 88' lang='lat' dir='ltr'>perius</span> <span class='ocrx_word' id='word_1_102' title='bbox 336 1947 372 2002; x_wconf 89' lang='lat' dir='ltr'>et</span> <span class='ocrx_word' id='word_1_103' title='bbox 395 1937 502 2022; x_wconf 87' lang='lat' dir='ltr'>pedes</span> <span class='ocrx_word' id='word_1_104' title='bbox 525 1936 739 2024; x_wconf 82' lang='lat' dir='ltr'>humana.⁸⁴)</span> <span class='ocrx_word' id='word_1_105' title='bbox 785 1935 988 2023; x_wconf 86' lang='lat' dir='ltr'>Vestigium</span> <span class='ocrx_word' id='word_1_106' title='bbox 1010 1935 1085 2001; x_wconf 89' lang='lat' dir='ltr'>eius</span> <span class='ocrx_word' id='word_1_107' title='bbox 1109 1934 1157 2000; x_wconf 91' lang='lat' dir='ltr'>rei</span> <span class='ocrx_word' id='word_1_108' title='bbox 1175 1946 1229 2001; x_wconf 88' lang='lat' dir='ltr'>est</span> <span class='ocrx_word' id='word_1_109' title='bbox 1244 1933 1372 2021; x_wconf 85' lang='lat' dir='ltr'>figura,</span> 
     </span>
     <span class='ocr_line' id='line_1_16' title="bbox 195 2042 1372 2130; baseline -0.001 -22"><span class='ocrx_word' id='word_1_110' title='bbox 195 2045 240 2108; x_wconf 92' lang='lat' dir='ltr'>de</span> <span class='ocrx_word' id='word_1_111' title='bbox 273 2066 342 2129; x_wconf 88' lang='lat' dir='ltr'>qua</span> <span class='ocrx_word' id='word_1_112' title='bbox 371 2043 644 2130; x_wconf 86' lang='lat' dir='ltr'>Engelmannus</span> <span class='ocrx_word' id='word_1_113' title='bbox 678 2067 711 2129; x_wconf 90' lang='lat' dir='ltr'>p.</span> <span class='ocrx_word' id='word_1_114' title='bbox 734 2048 775 2108; x_wconf 82' lang='lat'>42</span> <span class='ocrx_word' id='word_1_115' title='bbox 810 2042 1022 2129; x_wconf 84' lang='lat' dir='ltr'>loquitur⁸⁵),</span> <span class='ocrx_word' id='word_1_116' title='bbox 1057 2064 1147 2128; x_wconf 88' lang='lat' dir='ltr'>quae</span> <span class='ocrx_word' id='word_1_117' title='bbox 1182 2053 1256 2108; x_wconf 89' lang='lat' dir='ltr'>erat</span> <span class='ocrx_word' id='word_1_118' title='bbox 1290 2064 1372 2128; x_wconf 89' lang='lat' dir='ltr'>pars</span> 
     </span>
     <span class='ocr_line' id='line_1_17' title="bbox 196 2148 1373 2236; baseline -0.002 -20"><span class='ocrx_word' id='word_1_119' title='bbox 196 2150 349 2236; x_wconf 90' lang='lat' dir='ltr'>corporis</span> <span class='ocrx_word' id='word_1_120' title='bbox 372 2149 514 2216; x_wconf 78' lang='lat' dir='ltr'>feminei</span> <span class='ocrx_word' id='word_1_121' title='bbox 532 2149 689 2236; x_wconf 89' lang='lat' dir='ltr'>superior</span> <span class='ocrx_word' id='word_1_122' title='bbox 712 2149 748 2215; x_wconf 92' lang='lat' dir='ltr'>in</span> <span class='ocrx_word' id='word_1_123' title='bbox 766 2172 910 2216; x_wconf 89' lang='lat' dir='ltr'>vaccam</span> <span class='ocrx_word' id='word_1_124' title='bbox 927 2148 1111 2215; x_wconf 78' lang='lat' dir='ltr'>transiens</span> <span class='ocrx_word' id='word_1_125' title='bbox 1159 2150 1277 2232; x_wconf 79' lang='lat' dir='ltr'>Quare</span> <span class='ocrx_word' id='word_1_126' title='bbox 1297 2171 1373 2215; x_wconf 90' lang='lat' dir='ltr'>ver-</span> 
     </span>
     <span class='ocr_line' id='line_1_18' title="bbox 196 2255 1371 2342; baseline -0.001 -21"><span class='ocrx_word' id='word_1_127' title='bbox 196 2279 276 2321; x_wconf 92' lang='lat' dir='ltr'>sum</span> <span class='ocrx_word' id='word_1_128' title='bbox 307 2257 408 2320; x_wconf 90' lang='lat' dir='ltr'>illum</span> <span class='ocrx_word' id='word_1_129' title='bbox 443 2255 650 2342; x_wconf 87' lang='lat' dir='ltr'>Supplicum</span> <span class='ocrx_word' id='word_1_130' title='bbox 686 2258 730 2322; x_wconf 92' lang='lat' dir='ltr'>ad</span> <span class='ocrx_word' id='word_1_131' title='bbox 765 2257 1012 2322; x_wconf 87' lang='lat' dir='ltr'>Prometheum</span> <span class='ocrx_word' id='word_1_132' title='bbox 1047 2267 1204 2341; x_wconf 89' lang='lat' dir='ltr'>spectare</span> <span class='ocrx_word' id='word_1_133' title='bbox 1235 2255 1371 2322; x_wconf 91' lang='lat' dir='ltr'>nemini</span> 
     </span>
     <span class='ocr_line' id='line_1_19' title="bbox 197 2361 1373 2447; baseline 0 -19"><span class='ocrx_word' id='word_1_134' title='bbox 197 2361 279 2428; x_wconf 89' lang='lat' dir='ltr'>licet</span> <span class='ocrx_word' id='word_1_135' title='bbox 303 2364 521 2428; x_wconf 88' lang='lat' dir='ltr'>contendere.</span> <span class='ocrx_word' id='word_1_136' title='bbox 569 2365 682 2428; x_wconf 88' lang='lat' dir='ltr'>Immo</span> <span class='ocrx_word' id='word_1_137' title='bbox 706 2363 902 2447; x_wconf 79' lang='lat' dir='ltr'>Aeschylus</span> <span class='ocrx_word' id='word_1_138' title='bbox 927 2362 1010 2428; x_wconf 90' lang='lat' dir='ltr'>artis</span> <span class='ocrx_word' id='word_1_139' title='bbox 1034 2374 1264 2429; x_wconf 89' lang='lat' dir='ltr'>monumenta</span> <span class='ocrx_word' id='word_1_140' title='bbox 1289 2373 1373 2430; x_wconf 92' lang='lat' dir='ltr'>ante</span> 
     </span>
     <span class='ocr_line' id='line_1_20' title="bbox 197 2470 456 2535; baseline 0.008 -2"><span class='ocrx_word' id='word_1_141' title='bbox 197 2470 317 2534; x_wconf 88' lang='lat' dir='ltr'>oculos</span> <span class='ocrx_word' id='word_1_142' title='bbox 341 2470 456 2535; x_wconf 90' lang='lat' dir='ltr'>habet.</span> 
     </span>
    </p>

    <p class='ocr_par' dir='ltr' id='par_1_3' title="bbox 200 2574 1374 3069">
     <span class='ocr_line' id='line_1_21' title="bbox 303 2574 1373 2667; baseline 0.001 -26"><span class='ocrx_word' id='word_1_143' title='bbox 303 2574 425 2642; x_wconf 80' lang='lat' dir='ltr'>Tertia</span> <span class='ocrx_word' id='word_1_144' title='bbox 449 2574 600 2662; x_wconf 91' lang='lat' dir='ltr'>denique</span> <span class='ocrx_word' id='word_1_145' title='bbox 624 2575 721 2641; x_wconf 89' lang='lat' dir='ltr'>lonis</span> <span class='ocrx_word' id='word_1_146' title='bbox 744 2578 856 2642; x_wconf 85' lang='lat' dir='ltr'>iorma</span> <span class='ocrx_word' id='word_1_147' title='bbox 883 2576 1072 2660; x_wconf 87' lang='lat' dir='ltr'>invenitur,</span> <span class='ocrx_word' id='word_1_148' title='bbox 1101 2581 1267 2667; x_wconf 76' lang='grc' dir='ltr'><em>βούκερων</em></span> <span class='ocrx_word' id='word_1_149' title='bbox 1295 2576 1373 2643; x_wconf 86' lang='lat' dir='ltr'>dico</span> 
     </span>
     <span class='ocr_line' id='line_1_22' title="bbox 201 2683 1373 2771; baseline 0.001 -23"><span class='ocrx_word' id='word_1_150' title='bbox 201 2683 376 2771; x_wconf 74' lang='grc' dir='ltr'><strong>παρθένον.</strong></span> <span class='ocrx_word' id='word_1_151' title='bbox 424 2686 540 2768; x_wconf 79' lang='lat' dir='ltr'>Quam</span> <span class='ocrx_word' id='word_1_152' title='bbox 570 2686 614 2750; x_wconf 91' lang='lat' dir='ltr'>ab</span> <span class='ocrx_word' id='word_1_153' title='bbox 638 2684 812 2768; x_wconf 87' lang='lat' dir='ltr'>Aeschylo</span> <span class='ocrx_word' id='word_1_154' title='bbox 840 2683 875 2749; x_wconf 94' lang='lat' dir='ltr'>in</span> <span class='ocrx_word' id='word_1_155' title='bbox 903 2686 1111 2750; x_wconf 89' lang='lat' dir='ltr'>Prometheo</span> <span class='ocrx_word' id='word_1_156' title='bbox 1140 2695 1202 2750; x_wconf 90' lang='lat' dir='ltr'>aut</span> <span class='ocrx_word' id='word_1_157' title='bbox 1231 2685 1275 2750; x_wconf 92' lang='lat' dir='ltr'>ab</span> <span class='ocrx_word' id='word_1_158' title='bbox 1304 2684 1373 2750; x_wconf 92' lang='lat' dir='ltr'>alio</span> 
     </span>
     <span class='ocr_line' id='line_1_23' title="bbox 201 2789 1373 2877; baseline 0 -22"><span class='ocrx_word' id='word_1_159' title='bbox 201 2792 352 2876; x_wconf 90' lang='lat' dir='ltr'>quodam</span> <span class='ocrx_word' id='word_1_160' title='bbox 370 2791 505 2876; x_wconf 90' lang='lat' dir='ltr'>tragico</span> <span class='ocrx_word' id='word_1_161' title='bbox 523 2801 675 2856; x_wconf 85' lang='lat' dir='ltr'>creatam</span> <span class='ocrx_word' id='word_1_162' title='bbox 692 2814 710 2856; x_wconf 93' lang='lat' dir='ltr'>e</span> <span class='ocrx_word' id='word_1_163' title='bbox 727 2793 865 2857; x_wconf 84' lang='lat' dir='ltr'>theatro</span> <span class='ocrx_word' id='word_1_164' title='bbox 882 2791 916 2856; x_wconf 94' lang='lat' dir='ltr'>in</span> <span class='ocrx_word' id='word_1_165' title='bbox 935 2803 1045 2857; x_wconf 85' lang='lat' dir='ltr'>artem</span> <span class='ocrx_word' id='word_1_166' title='bbox 1058 2790 1238 2857; x_wconf 88' lang='lat' dir='ltr'>transiisse</span> <span class='ocrx_word' id='word_1_167' title='bbox 1254 2789 1373 2877; x_wconf 87' lang='lat' dir='ltr'>pleris-</span> 
     </span>
     <span class='ocr_line' id='line_1_24' title="bbox 201 2895 1374 2984; baseline 0.001 -22"><span class='ocrx_word' id='word_1_168' title='bbox 201 2895 1374 2984; x_wconf 50' lang='lat' dir='ltr'>memOmmffimmfflmmmmmm</span> 
     </span>
     <span class='ocr_line' id='line_1_25' title="bbox 200 3001 561 3069; baseline 0 -1"><span class='ocrx_word' id='word_1_169' title='bbox 200 3001 286 3068; x_wconf 88' lang='lat' dir='ltr'>artis</span> <span class='ocrx_word' id='word_1_170' title='bbox 308 3004 561 3069; x_wconf 89' lang='lat' dir='ltr'>monumentis:</span> 
     </span>
    </p>

    <p class='ocr_par' dir='ltr' id='par_1_4' title="bbox 200 3109 1375 3412">
     <span class='ocr_line' id='line_1_26' title="bbox 309 3109 1375 3198; baseline 0 -24"><span class='ocrx_word' id='word_1_171' title='bbox 309 3116 333 3176; x_wconf 89' lang='grc'>1.</span> <span class='ocrx_word' id='word_1_172' title='bbox 371 3109 406 3175; x_wconf 94' lang='lat' dir='ltr'>in</span> <span class='ocrx_word' id='word_1_173' title='bbox 425 3112 568 3176; x_wconf 90' lang='lat' dir='ltr'>vasculo</span> <span class='ocrx_word' id='word_1_174' title='bbox 585 3110 800 3176; x_wconf 89' lang='lat' dir='ltr'>collectionis</span> <span class='ocrx_word' id='word_1_175' title='bbox 818 3115 910 3176; x_wconf 89' lang='lat' dir='ltr'>latta</span> <span class='ocrx_word' id='word_1_176' title='bbox 919 3113 972 3198; x_wconf 76' lang='grc'>88);</span> <span class='ocrx_word' id='word_1_177' title='bbox 996 3110 1113 3177; x_wconf 91' lang='lat' dir='ltr'>media</span> <span class='ocrx_word' id='word_1_178' title='bbox 1128 3111 1163 3176; x_wconf 91' lang='lat' dir='ltr'>in</span> <span class='ocrx_word' id='word_1_179' title='bbox 1181 3111 1319 3197; x_wconf 89' lang='lat' dir='ltr'>pictura</span> <span class='ocrx_word' id='word_1_180' title='bbox 1335 3113 1375 3175; x_wconf 93' lang='lat' dir='ltr'>Io</span> 
     </span>
     <span class='ocr_line' id='line_1_27' title="bbox 202 3216 1373 3302; baseline -0.001 -20"><span class='ocrx_word' id='word_1_181' title='bbox 202 3218 300 3283; x_wconf 89' lang='lat' dir='ltr'>sedet</span> <span class='ocrx_word' id='word_1_182' title='bbox 324 3216 359 3282; x_wconf 93' lang='lat' dir='ltr'>in</span> <span class='ocrx_word' id='word_1_183' title='bbox 382 3218 523 3283; x_wconf 84' lang='lat' dir='ltr'>laevum</span> <span class='ocrx_word' id='word_1_184' title='bbox 540 3228 715 3302; x_wconf 82' lang='lat' dir='ltr'>spectans;</span> <span class='ocrx_word' id='word_1_185' title='bbox 740 3241 760 3282; x_wconf 87' lang='lat' dir='ltr'>a</span> <span class='ocrx_word' id='word_1_186' title='bbox 776 3219 878 3283; x_wconf 89' lang='lat' dir='ltr'>laevo</span> <span class='ocrx_word' id='word_1_187' title='bbox 896 3217 1089 3283; x_wconf 90' lang='lat' dir='ltr'>Mercurius</span> <span class='ocrx_word' id='word_1_188' title='bbox 1105 3216 1253 3283; x_wconf 87' lang='lat' dir='ltr'>incitato</span> <span class='ocrx_word' id='word_1_189' title='bbox 1270 3238 1373 3282; x_wconf 89' lang='lat' dir='ltr'>cursu</span> 
     </span>
     <span class='ocr_line' id='line_1_28' title="bbox 200 3323 1373 3412; baseline -0.002 -23"><span class='ocrx_word' id='word_1_190' title='bbox 200 3323 363 3405; x_wconf 74' lang='lat' dir='ltr'>accurrit,</span> <span class='ocrx_word' id='word_1_191' title='bbox 398 3323 506 3408; x_wconf 89' lang='lat' dir='ltr'>satyri</span> <span class='ocrx_word' id='word_1_192' title='bbox 536 3324 646 3389; x_wconf 86' lang='lat' dir='ltr'>territi</span> <span class='ocrx_word' id='word_1_193' title='bbox 678 3324 749 3391; x_wconf 91' lang='lat' dir='ltr'>ima</span> <span class='ocrx_word' id='word_1_194' title='bbox 777 3323 812 3389; x_wconf 93' lang='lat' dir='ltr'>in</span> <span class='ocrx_word' id='word_1_195' title='bbox 843 3323 979 3412; x_wconf 88' lang='lat' dir='ltr'>pictura</span> <span class='ocrx_word' id='word_1_196' title='bbox 1009 3337 1105 3390; x_wconf 89' lang='lat' dir='ltr'>sunt:</span> <span class='ocrx_word' id='word_1_197' title='bbox 1140 3335 1221 3412; x_wconf 92' lang='lat' dir='ltr'>post</span> <span class='ocrx_word' id='word_1_198' title='bbox 1251 3326 1373 3388; x_wconf 88' lang='lat' dir='ltr'>Ionem</span> 
     </span>
    </p>
   </div>
   <div class='ocr_carea' id='block_1_3' title="bbox 202 3579 1376 4189">
    <p class='ocr_par' dir='ltr' id='par_1_5' title="bbox 310 3579 1213 3654">
     <span class='ocr_line' id='line_1_29' title="bbox 310 3579 1213 3654; baseline 0.006 -20"><span class='ocrx_word' id='word_1_199' title='bbox 310 3579 352 3654; x_wconf 80' lang='lat'>8¹)</span> <span class='ocrx_word' id='word_1_200' title='bbox 375 3579 529 3636; x_wconf 88' lang='lat' dir='ltr'>Delineati</span> <span class='ocrx_word' id='word_1_201' title='bbox 553 3588 621 3636; x_wconf 88' lang='lat' dir='ltr'>sunt</span> <span class='ocrx_word' id='word_1_202' title='bbox 644 3581 673 3635; x_wconf 90' lang='lat' dir='ltr'>in</span> <span class='ocrx_word' id='word_1_203' title='bbox 696 3579 823 3654; x_wconf 79' lang='lat' dir='ltr'>Ephem</span> <span class='ocrx_word' id='word_1_204' title='bbox 842 3583 930 3637; x_wconf 87' lang='lat' dir='ltr'>Arch.</span> <span class='ocrx_word' id='word_1_205' title='bbox 950 3580 1041 3639; x_wconf 88' lang='lat'>1887.</span> <span class='ocrx_word' id='word_1_206' title='bbox 1066 3581 1144 3637; x_wconf 88' lang='lat' dir='ltr'>Tab.</span> <span class='ocrx_word' id='word_1_207' title='bbox 1164 3580 1213 3639; x_wconf 90' lang='grc'>10.</span> 
     </span>
    </p>

    <p class='ocr_par' dir='ltr' id='par_1_6' title="bbox 205 3667 1376 3833">
     <span class='ocr_line' id='line_1_30' title="bbox 309 3667 1376 3744; baseline 0.003 -21"><span class='ocrx_word' id='word_1_208' title='bbox 309 3667 350 3743; x_wconf 74' lang='grc'>88)</span> <span class='ocrx_word' id='word_1_209' title='bbox 374 3668 419 3724; x_wconf 83' lang='lat' dir='ltr'>Cf.</span> <span class='ocrx_word' id='word_1_210' title='bbox 435 3668 629 3730; x_wconf 78' lang='lat' dir='ltr'>Milchholer:</span> <span class='ocrx_word' id='word_1_211' title='bbox 654 3669 712 3728; x_wconf 87' lang='lat' dir='ltr'>Die</span> <span class='ocrx_word' id='word_1_212' title='bbox 738 3669 871 3744; x_wconf 83' lang='lat' dir='ltr'>Ansange</span> <span class='ocrx_word' id='word_1_213' title='bbox 896 3671 950 3726; x_wconf 87' lang='lat' dir='ltr'>der</span> <span class='ocrx_word' id='word_1_214' title='bbox 972 3669 1070 3726; x_wconf 87' lang='lat' dir='ltr'>Kunst</span> <span class='ocrx_word' id='word_1_215' title='bbox 1094 3670 1123 3726; x_wconf 90' lang='lat' dir='ltr'>in</span> <span class='ocrx_word' id='word_1_216' title='bbox 1140 3669 1376 3737; x_wconf 87' lang='lat' dir='ltr'>Griechenland,</span> 
     </span>
     <span class='ocr_line' id='line_1_31' title="bbox 205 3756 1225 3833; baseline 0.001 -19"><span class='ocrx_word' id='word_1_217' title='bbox 205 3756 287 3816; x_wconf 90' lang='grc'>1883</span> <span class='ocrx_word' id='word_1_218' title='bbox 312 3777 342 3832; x_wconf 89' lang='lat' dir='ltr'>p.</span> <span class='ocrx_word' id='word_1_219' title='bbox 358 3756 445 3817; x_wconf 79' lang='lat' dir='ltr'>54sS.</span> <span class='ocrx_word' id='word_1_220' title='bbox 491 3758 703 3833; x_wconf 67' lang='lat' dir='ltr'>Furtwimgler:</span> <span class='ocrx_word' id='word_1_221' title='bbox 728 3759 837 3815; x_wconf 87' lang='lat' dir='ltr'>Antike</span> <span class='ocrx_word' id='word_1_222' title='bbox 862 3758 1014 3815; x_wconf 81' lang='lat' dir='ltr'>Gemmen</span> <span class='ocrx_word' id='word_1_223' title='bbox 1037 3758 1074 3814; x_wconf 92' lang='lat' dir='ltr'>II.</span> <span class='ocrx_word' id='word_1_224' title='bbox 1098 3758 1150 3817; x_wconf 90' lang='grc'>40.</span> <span class='ocrx_word' id='word_1_225' title='bbox 1174 3757 1225 3817; x_wconf 89' lang='grc'>41.</span> 
     </span>
    </p>

    <p class='ocr_par' dir='ltr' id='par_1_7' title="bbox 202 3833 1375 4018">
     <span class='ocr_line' id='line_1_32' title="bbox 309 3833 1375 3933; baseline 0.007 -31"><span class='ocrx_word' id='word_1_226' title='bbox 309 3843 352 3925; x_wconf 80' lang='grc'>88)</span> <span class='ocrx_word' id='word_1_227' title='bbox 376 3847 593 3906; x_wconf 84' lang='lat' dir='ltr'>Paus.IlI.18.</span> <span class='ocrx_word' id='word_1_228' title='bbox 619 3847 668 3906; x_wconf 89' lang='grc'>13.</span> <span class='ocrx_word' id='word_1_229' title='bbox 686 3835 781 3924; x_wconf 83' lang='grc' dir='ltr'>Ἥρα</span> <span class='ocrx_word' id='word_1_230' title='bbox 805 3843 841 3909; x_wconf 77' lang='grc' dir='ltr'>δὲ</span> <span class='ocrx_word' id='word_1_231' title='bbox 866 3833 974 3933; x_wconf 66' lang='grc' dir='ltr'><em>ἐφορᾷ</em></span> <span class='ocrx_word' id='word_1_232' title='bbox 999 3837 1087 3925; x_wconf 79' lang='grc' dir='ltr'><em>πρὸς</em></span> <span class='ocrx_word' id='word_1_233' title='bbox 1110 3833 1159 3908; x_wconf 73' lang='grc' dir='ltr'>’1ιο</span> <span class='ocrx_word' id='word_1_234' title='bbox 1175 3838 1235 3933; x_wconf 76' lang='grc' dir='ltr'>τὴν</span> <span class='ocrx_word' id='word_1_235' title='bbox 1251 3833 1375 3929; x_wconf 75' lang='grc' dir='ltr'><em>Ἰνάχου</em></span> 
     </span>
     <span class='ocr_line' id='line_1_33' title="bbox 202 3933 500 4018; baseline 0.007 -25"><span class='ocrx_word' id='word_1_236' title='bbox 202 3935 283 4014; x_wconf 71' lang='grc' dir='ltr'>βοῦν</span> <span class='ocrx_word' id='word_1_237' title='bbox 307 3935 406 3996; x_wconf 77' lang='grc' dir='ltr'><strong><em>οὖσαν</em></strong></span> <span class='ocrx_word' id='word_1_238' title='bbox 428 3933 500 4018; x_wconf 75' lang='grc' dir='ltr'>ἤδη.</span> 
     </span>
    </p>

    <p class='ocr_par' dir='ltr' id='par_1_8' title="bbox 310 4023 1042 4099">
     <span class='ocr_line' id='line_1_34' title="bbox 310 4023 1042 4099; baseline 0.003 -19"><span class='ocrx_word' id='word_1_239' title='bbox 310 4024 349 4098; x_wconf 74' lang='grc'>84)</span> <span class='ocrx_word' id='word_1_240' title='bbox 373 4023 418 4080; x_wconf 89' lang='lat' dir='ltr'>Cf.</span> <span class='ocrx_word' id='word_1_241' title='bbox 433 4025 577 4093; x_wconf 87' lang='lat' dir='ltr'>Roscher‚</span> <span class='ocrx_word' id='word_1_242' title='bbox 600 4024 671 4081; x_wconf 88' lang='lat' dir='ltr'>Lex.</span> <span class='ocrx_word' id='word_1_243' title='bbox 688 4026 715 4080; x_wconf 92' lang='lat' dir='ltr'>d.</span> <span class='ocrx_word' id='word_1_244' title='bbox 731 4026 823 4099; x_wconf 89' lang='lat' dir='ltr'>Myth.</span> <span class='ocrx_word' id='word_1_245' title='bbox 840 4025 877 4081; x_wconf 90' lang='grc' dir='ltr'>ΙΙ.</span> <span class='ocrx_word' id='word_1_246' title='bbox 897 4025 922 4083; x_wconf 91' lang='grc'>1.</span> <span class='ocrx_word' id='word_1_247' title='bbox 950 4025 1042 4084; x_wconf 88' lang='grc'><strong>1075.</strong></span> 
     </span>
    </p>

    <p class='ocr_par' dir='ltr' id='par_1_9' title="bbox 310 4113 1244 4189">
     <span class='ocr_line' id='line_1_35' title="bbox 310 4113 1244 4189; baseline 0.004 -21"><span class='ocrx_word' id='word_1_248' title='bbox 310 4113 352 4189; x_wconf 83' lang='grc'>85)</span> <span class='ocrx_word' id='word_1_249' title='bbox 376 4113 504 4181; x_wconf 72' lang='lat' dir='ltr'>Kekule,</span> <span class='ocrx_word' id='word_1_250' title='bbox 527 4114 726 4171; x_wconf 82' lang='lat' dir='ltr'>Tenakotten</span> <span class='ocrx_word' id='word_1_251' title='bbox 749 4132 808 4171; x_wconf 91' lang='lat' dir='ltr'>von</span> <span class='ocrx_word' id='word_1_252' title='bbox 831 4113 964 4183; x_wconf 88' lang='lat' dir='ltr'>Sicilien,</span> <span class='ocrx_word' id='word_1_253' title='bbox 987 4116 1053 4172; x_wconf 86' lang='lat' dir='ltr'>Tal.</span> <span class='ocrx_word' id='word_1_254' title='bbox 1070 4115 1120 4176; x_wconf 80' lang='lat'>49.</span> <span class='ocrx_word' id='word_1_255' title='bbox 1144 4116 1166 4174; x_wconf 90' lang='grc' dir='ltr'>Ι.</span> <span class='ocrx_word' id='word_1_256' title='bbox 1193 4116 1244 4176; x_wconf 84' lang='grc'>77.</span> 
     </span>
    </p>
   </div>
   <div class='ocr_carea' id='block_1_4' title="bbox 205 4197 1377 4367">
    <p class='ocr_par' dir='ltr' id='par_1_10' title="bbox 205 4197 1377 4367">
     <span class='ocr_line' id='line_1_36' title="bbox 312 4197 1377 4281; baseline 0.007 -24"><span class='ocrx_word' id='word_1_257' title='bbox 312 4197 354 4281; x_wconf 72' lang='grc'>88)</span> <span class='ocrx_word' id='word_1_258' title='bbox 378 4202 504 4276; x_wconf 88' lang='lat' dir='ltr'>Saepius</span> <span class='ocrx_word' id='word_1_259' title='bbox 520 4220 711 4276; x_wconf 86' lang='lat' dir='ltr'>expressum,</span> <span class='ocrx_word' id='word_1_260' title='bbox 734 4205 816 4258; x_wconf 88' lang='lat' dir='ltr'>velut</span> <span class='ocrx_word' id='word_1_261' title='bbox 839 4203 960 4261; x_wconf 88' lang='lat' dir='ltr'>Wiener</span> <span class='ocrx_word' id='word_1_262' title='bbox 983 4205 1225 4280; x_wconf 74' lang='lat' dir='ltr'>Vorlegebliitter</span> <span class='ocrx_word' id='word_1_263' title='bbox 1247 4204 1377 4272; x_wconf 83' lang='grc'><strong>189011,</strong></span> 
     </span>
     <span class='ocr_line' id='line_1_37' title="bbox 205 4290 1003 4367; baseline 0 -19"><span class='ocrx_word' id='word_1_264' title='bbox 205 4292 281 4348; x_wconf 89' lang='lat' dir='ltr'>Tab.</span> <span class='ocrx_word' id='word_1_265' title='bbox 298 4291 369 4348; x_wconf 81' lang='lat' dir='ltr'><strong>XII.</strong></span> <span class='ocrx_word' id='word_1_266' title='bbox 393 4291 423 4349; x_wconf 84' lang='lat'>2.</span> <span class='ocrx_word' id='word_1_267' title='bbox 463 4292 606 4356; x_wconf 89' lang='lat' dir='ltr'>Roscher‚</span> <span class='ocrx_word' id='word_1_268' title='bbox 630 4291 700 4347; x_wconf 79' lang='lat' dir='ltr'>Lex.</span> <span class='ocrx_word' id='word_1_269' title='bbox 723 4290 817 4365; x_wconf 85' lang='lat' dir='ltr'>Myth.</span> <span class='ocrx_word' id='word_1_270' title='bbox 833 4291 860 4347; x_wconf 92' lang='grc'>11</span> <span class='ocrx_word' id='word_1_271' title='bbox 884 4313 913 4367; x_wconf 91' lang='lat' dir='ltr'>p.</span> <span class='ocrx_word' id='word_1_272' title='bbox 929 4292 1003 4351; x_wconf 83' lang='lat'>274.</span> 
     </span>
    </p>
   </div>
   <div class='ocr_carea' id='block_1_5' title="bbox 0 0 1586 4914">
    <p class='ocr_par' dir='ltr' id='par_1_11' title="bbox 0 0 1586 4914">
     <span class='ocr_line' id='line_1_38' title="bbox 0 0 1586 4914; baseline 0 0"><span class='ocrx_word' id='word_1_273' title='bbox 0 0 1586 4914; x_wconf 95' lang='lat' dir='ltr'> </span> 
     </span>
    </p>
   </div>
  </div>
 </body>
</html>
