3136 4914
681 331 903 397 ..55-

194 557 322 628 tarent,
350 568 463 632 eaque
491 545 674 631 tragoedia
703 569 808 632 quam
836 569 902 612 nos
930 545 1095 612 novimus
1124 557 1240 612 creata
1273 558 1375 629 esset,

194 652 434 719 necessarium
458 665 540 736 erat,
565 664 605 719 ut
622 654 760 720 duabus
776 652 846 719 illis
861 652 1022 738 partibus
1046 675 1143 718 arma
1158 665 1374 738 pararentur,

193 760 326 846 quibus
349 759 442 826 inter
465 783 502 826 se
520 759 812 845 digladiarentur:
838 759 861 826 i.
878 782 906 825 e.
930 770 970 825 ut
985 760 1161 826 orationes
1178 761 1375 825 excoleren-

199 879 267 936 tur,
306 868 592 933 Consentaneum
616 866 727 953 igitur
750 878 833 949 erat,
858 879 898 933 ut
922 865 958 931 in
975 865 1203 953 Supplicibus
1227 870 1374 932 Danaus

197 997 279 1039 eum
303 997 386 1059 rege
410 997 481 1039 non
507 975 621 1040 solum
639 973 790 1060 dialogis
816 1013 851 1022 —
881 995 1095 1059 quamquam
1112 997 1158 1039 ne
1180 973 1216 1039 id
1232 973 1374 1059 quidem

200 1081 284 1146 facit
307 1119 352 1129 -
375 1080 560 1146 sedetiam
578 1081 796 1147 orationibus
813 1091 944 1166 ageret.
974 1080 1089 1163 Quid?
1112 1082 1205 1166 quod
1222 1081 1375 1164 Aeschy-

126 1274 132 1278 .
197 1189 254 1252 lus
279 1210 493 1273 quamquam
518 1190 606 1253 duos
631 1199 765 1253 actores
789 1189 951 1271 habebat,
975 1210 1088 1253 novas
1117 1190 1248 1253 formas
1272 1209 1375 1274 parce

197 1295 370 1378 adhibuit,
394 1295 525 1380 priores
542 1298 671 1360 tonnas
687 1295 843 1377 retinuit,
867 1318 987 1361 nonne
1010 1294 1046 1360 id
1071 1317 1136 1360 nos
1160 1296 1204 1360 de
1220 1317 1261 1360 eo
1278 1305 1374 1361 statu

146 1388 149 1392 ⁴
201 1403 404 1487 tragoediae
420 1414 549 1483 monet,
574 1426 643 1488 quo
660 1413 785 1488 poetae
810 1425 881 1467 uno
899 1414 1016 1469 actore
1032 1403 1243 1468 utebantur?
1281 1405 1375 1466 Nam

199 1507 235 1572 in
254 1531 295 1574 ea
311 1521 410 1594 parte
427 1509 643 1595 Supplicum,
661 1510 720 1576 ubi
740 1514 886 1576 Danaus
902 1521 1023 1576 mutus
1040 1511 1157 1574 adstat
1173 1507 1375 1595 (234-489)
1451 1539 1455 1546 ·

199 1615 1152 1703 variisformispoetaususest,reliquiisantiquissimae
1162 1612 1375 1700 tragoediae:

199 1722 464 1807 stichomythia‚
494 1747 629 1789 commo
663 1722 912 1810 simplicissimi
942 1723 1082 1808 generis
1112 1721 1375 1810 (347-406)¹¹⁹)

199 1829 297 1896 brevi
345 1830 440 1895 chori
488 1831 645 1897 oratione
692 1831 908 1918 (aar-331),
967 1829 1121 1895 carmine
1168 1826 1375 1915 interposito

197 1935 414 2023 (tls-435),
450 1938 625 2004 orationes
661 1940 816 2004 alternae
851 1939 988 2003 desunt.
1043 1939 1091 2001 At
1125 1935 1193 2000 luit
1225 1937 1376 2000 alterum

199 2052 314 2127 genus
339 2044 507 2110 orationis
531 2045 601 2109 iam
625 2045 660 2109 in
679 2043 881 2129 tragoediae
902 2042 1112 2129 primordiis:
1138 2040 1376 2106 narrationem

198 2148 278 2215 dico
306 2173 396 2236 quae
424 2151 458 2216 in
490 2152 602 2217 Persis
632 2153 776 2236 Septem
807 2152 1013 2216 Prometheo
1051 2146 1174 2234 magni
1204 2145 1375 2213 momenti

199 2268 262 2340 est,
287 2256 322 2322 in
353 2281 422 2344 qua
451 2258 591 2344 saepius
620 2271 716 2325 actor
745 2259 889 2323 chorum
919 2255 1116 2343 alloquitur.
1163 2253 1375 2320 Narratione

202 2363 368 2429 nimirum
387 2365 585 2450 Dionysum
610 2371 703 2450 πάθη
729 2389 793 2439 sua
817 2376 1023 2431 exsecutum
1047 2386 1123 2429 esse
1145 2384 1288 2428 necesse
1312 2372 1374 2427 est.
1434 2424 1436 2426 ,

200 2470 336 2536 Tamen
366 2495 410 2537 ne
440 2472 499 2538 illa
524 2473 665 2558 quidem
688 2473 795 2539 latius
820 2472 974 2559 spatium
999 2470 1225 2557 occupavisse
1248 2480 1375 2554 potest,

202 2600 280 2641 cum
306 2579 401 2644 chori
431 2592 555 2645 cantus
583 2592 699 2664 partes
723 2579 906 2664 primarias
931 2589 1100 2644 tenerent.
1148 2580 1223 2641 Nec
1247 2578 1376 2641 desunt

200 2689 370 2771 exempla,
392 2687 451 2752 ubi
470 2711 530 2753 eae
547 2711 609 2770 res
626 2711 715 2772 quae
732 2685 943 2752 narrationis
959 2685 1119 2770 propriae
1139 2695 1231 2764 sunt,
1257 2692 1374 2746 tamen

202 2816 271 2857 non
290 2794 496 2859 narratione*
508 2794 728 2861 exhibentur.
778 2795 964 2879 Compares
990 2790 1210 2876 Bacchylidis
1235 2811 1374 2854 cannen

201 2903 306 2966 modo
349 2901 504 2985 citatum,
551 2901 725 2968 canticum
762 2903 944 2982 alternum,
985 2899 1083 2965 cuius
1124 2906 1374 2982 argumentum

202 3007 330 3073 Thesei
371 3010 545 3075 adventus
582 3021 645 3076 est.
702 3012 742 3073 ln
788 3006 976 3093 Phrynichi
1016 3029 1155 3092 quoque
1194 3002 1376 3090 tragoedia

201 3113 403 3201 Πλευρώνιαι
437 3115 604 3202 inscripta
640 3118 765 3181 chorus
802 3114 937 3182 cantico
979 3117 1021 3179 de
1057 3125 1170 3181 morte
1206 3112 1375 3196 Meleagri

202 3223 372 3287 referebat
388 3225 448 3308 ¹²⁰).
512 3222 605 3306 Quin
652 3223 756 3289 etiam
802 3222 836 3287 in
877 3222 962 3308 ipsis
1000 3221 1223 3307 Supplicibus
1263 3218 1375 3285 Persis

120 3416 123 3423 1
203 3330 411 3394 Prometheo
449 3353 509 3394 eae
542 3353 595 3395 res
629 3352 718 3415 quae
747 3328 957 3394 narrationis
986 3341 1069 3395 sunt
1090 3326 1376 3410 xstichomythiae

202 3437 351 3500 formam
376 3442 660 3521 acceperunt121).
709 3439 826 3519 Quare
850 3435 1012 3521 quamvis
1036 3457 1168 3520 paucae
1197 3432 1376 3520 relliquiae

202 3540 238 3605 in
264 3543 329 3607 lrac
354 3543 559 3628 quaestione
583 3542 812 3628 disceptanda
836 3543 937 3609 nobis
968 3554 1107 3629 praesto
1135 3553 1228 3624 sunt,
1258 3552 1374 3606 tamen

201 3651 246 3714 ad
272 3649 306 3715 id
327 3653 420 3736 quod
438 3651 667 3718 coniectando
684 3651 885 3717 invenimus
903 3652 1161 3738 comprobanda
1178 3648 1374 3714 sufiiciunt:

315 3903 366 3991 ¹¹⁹)
391 3909 533 3965 Ceterum
570 3910 758 3984 longissimus
788 3885 863 3965 inter
893 3927 945 3964 eos
975 3912 1023 3966 est
1052 3908 1102 3981 qui
1131 3907 1160 3961 in
1185 3906 1377 3979 Supplicibus

203 3998 299 4053 Persis
323 3999 446 4072 Septem
471 4008 639 4055 occurrunt.

319 4103 374 4185 ¹2⁰)
398 4106 429 4160 F.
452 4106 488 4160 T.
513 4105 550 4162 G.
575 4106 623 4161 ed.
651 4076 775 4161 Nauck²i
801 4106 852 4179 lrg.
881 4103 899 4162 6
929 4125 958 4178 p.
979 4102 1057 4167 721:
1093 4103 1130 4159 cl.
1154 4103 1187 4159 C.
1208 4103 1323 4159 Robcrt
1346 4102 1376 4157 in

203 4191 309 4252 Herm.
335 4197 391 4250 vol.
415 4195 542 4250 XXXIII
566 4194 636 4254 156.

320 4297 375 4381 ¹²¹)
400 4302 444 4358 Cf.
469 4301 560 4360 Gross
584 4305 602 4358 l.
619 4321 645 4358 c.
668 4322 697 4375 p.
714 4302 765 4360 77.
