3136 4914
679 421 899 490 ..59-

194 651 362 726 apertum
379 649 434 704 est
454 636 578 724 respici
596 639 639 703 ad
662 636 804 705 initium
825 637 993 705 orationis
1014 627 1171 722 εὲχεσθαι
1187 637 1294 722 χρεών
1308 642 1375 705 κτλ
1460 672 1464 677 ·

193 745 248 812 ibi
285 744 380 811 enim
415 767 478 811 eae
511 768 566 810 res
595 757 812 827 enarrantur,
848 745 976 830 quibus
1003 743 1218 832 praestandis
1250 756 1375 832 gratus

195 852 341 919 animus
366 863 608 938 cognoscatur.
656 851 751 936 Quin
776 851 892 935 etiam,
916 851 945 917 si
966 854 1011 919 de
1025 851 1176 918 lectione
1191 851 1376 919 restituen-
1437 848 1441 855 ’

193 961 245 1026 da
287 981 511 1046 quaeremuS,
546 981 586 1024 ea
621 958 820 1025 orationum
862 957 1075 1046 proprietate
1117 981 1224 1044 quam
1261 960 1376 1026 obser-

200 1067 373 1149 vavimus,
397 1068 440 1132 ad
465 1067 561 1132 hunc
578 1068 694 1132 locum
718 1066 916 1131 sanandum
933 1065 970 1131 ni
985 1067 1087 1131 fallor
1102 1066 1155 1132 uti
1171 1067 1375 1152 poterimus

192 1177 252 1240 .Ac
275 1176 365 1240 bene
390 1172 562 1259 congruit,
587 1175 680 1259 quod
701 1173 737 1238 in
755 1172 874 1239 codice
890 1177 926 1238 M
944 1172 1093 1240 traditur
1107 1177 1315 1262 τυγχάνοντας
1327 1227 1333 1239 .
1346 1227 1374 1240 ..

193 1282 365 1364 «νέμεσθαι
384 1278 606 1346 accusativus
623 1302 703 1345 cum
721 1278 913 1361 infinitivo3
933 1280 1171 1366 repudiandae
1187 1278 1298 1366 igitur
1313 1303 1376 1347 eae

193 1388 432 1470 coniecturae,
449 1387 577 1473 quibus
587 1387 674 1452 haec
687 1386 901 1454 constructio
914 1387 1058 1469 deletur,
1074 1389 1173 1453 velut
1183 1386 1300 1455 Weilii
1313 1387 1374 1473 qui

200 1495 371 1560 restituit:
396 1491 609 1583 τυγχάνοντος
626 1547 632 1559 .
648 1547 654 1560 .
669 1547 675 1558 .
693 1497 838 1577 σέβεσθε.
886 1497 999 1560 Immo
1022 1492 1228 1560 retinendus
1251 1504 1306 1560 est
1321 1517 1376 1560 ac-

195 1601 383 1667 cusativus
419 1623 498 1666 cum
534 1599 714 1666 infinitivo
750 1602 1059 1687 quaerendumque
1090 1602 1184 1668 unde
1211 1602 1374 1688 pendeat.

202 1711 392 1774 Molestum
406 1719 524 1774 autem
542 1729 617 1773 esse
634 1708 844 1773 vocabulum
862 1710 941 1792 ἐμοῦ
957 1708 1060 1774 multi
1077 1706 1257 1775 viderunt:
1276 1708 1376 1774 cuins

202 1815 237 1880 in
262 1817 379 1881 locum
396 1814 653 1881 restituendum
679 1825 733 1880 est
755 1813 843 1878 illud
863 1815 1005 1880 verbum
1023 1816 1117 1900 quod
1134 1814 1375 1882 accusativum

194 1945 282 1987 -cum
298 1921 478 1987 infinitivo
495 1921 598 2006 regit;
621 1920 836 2006 scripserunt
851 1920 961 2005 igitur
977 1922 1021 1987 G.
1040 1925 1251 2004 Herrmann,
1269 1924 1374 2006 Paley

202 2035 310 2115 θέμις,
346 2030 541 2111 Schwerdt‚
581 2027 764 2113 Sidgwick
797 2031 892 2117 λέγω,
934 2026 1157 2111 Heimsoeth‚
1197 2028 1375 2095 Oberdick

191 2135 310 2225 χρεών.
358 2139 409 2202 Ac
437 2160 470 2201 v.
492 2140 555 2202 989
585 2146 620 2200 et
650 2139 722 2217 990,
758 2157 837 2201 cum
867 2134 1008 2201 initium
1037 2134 1205 2201 orationis
1232 2133 1375 2202 brevius

201 2245 312 2331 repeti
337 2244 406 2309 iam
432 2242 632 2324 viderimus,
667 2254 810 2328 propter
833 2265 909 2309 eam
939 2243 1240 2326 consuetudinem,
1268 2265 1375 2330 quam

202 2350 459 2438 perspeximus
503 2373 573 2415 non
619 2349 766 2415 dubium
812 2362 879 2433 est,
923 2350 1007 2436 quin
1048 2351 1243 2435 Aeschylus
1282 2353 1377 2438 χάριν

193 2463 355 2542 αέβεσῧαι
458 2461 563 2542 χρεών
598 2455 785 2541 scripserit,
824 2469 864 2524 ut
898 2482 931 2524 v.
964 2462 1029 2523 980
1068 2462 1222 2543 εὔχεσθαι
1260 2461 1376 2543 χρεών.

204 2564 534 2649 Heimsoethius¹²⁴)
547 2565 627 2648 ἐμοῦ
642 2565 685 2629 ad
702 2568 901 2648 τιμιωτέραν
916 2563 1130 2651 explanandi
1147 2587 1252 2630 causa
1268 2587 1376 2650 prave

197 2671 418 2760 adscriptum
450 2682 573 2757 postea
612 2670 646 2734 in
688 2681 825 2736 textum
855 2669 1035 2756 irrepsisse
1067 2683 1199 2753 censet,
1239 2692 1376 2756 compa·

201 2779 355 2846 rativum
381 2788 499 2844 autem
526 2781 715 2864 τιμιωτέραν
743 2788 835 2842 recte
868 2775 917 2842 sie
950 2775 1200 2863 interpretatus
1234 2788 1300 2860 est,
1335 2787 1376 2843 ut

196 2886 333 2952 omissa
367 2908 404 2951 re
444 2885 678 2970 comparanda
720 2885 764 2948 ad
803 2883 969 2950 maiorem
1009 2886 1184 2970 quendam
1208 2885 1375 2970 'gradum

193 2992 432 3059 indicandum
458 2992 594 3078 positus
618 2991 670 3057 sit.
718 2995 811 3056 Nam
835 2991 905 3057 iam
921 2993 1015 3077 apud
1033 2996 1230 3057 Homerum
1245 2991 1377 3078 legitur

201 3110 231 3166 8
261 3106 321 3166 187
355 3103 434 3184 λάβε
463 3103 570 3165 diosus
591 3102 594 3183 l
615 3098 746 3183 μείζονα
773 3101 828 3165 καὶ
852 3102 1007 3183 παχετόν.
1017 3099 1074 3185 ¹²⁵)
1112 3103 1242 3167 Nostra
1266 3098 1377 3185 igitur

200 3206 328 3293 lingua
352 3211 546 3292 τιμιωτέραν
569 3218 621 3272 est
646 3206 762 3288 „recht
786 3205 1015 3272 elnenreich“.
1064 3209 1105 3270 In
1130 3207 1240 3272 altera
1256 3215 1375 3272 autem

201 3325 302 3400 parte
331 3314 437 3379 huius
470 3311 638 3379 orationis
671 3310 763 3377 filias
795 3323 835 3378 ut
866 3315 1025 3379 modeste
1054 3335 1091 3378 se
1119 3324 1245 3399 gerant
1276 3323 1377 3399 pater

194 3422 371 3486 admonet
395 3421 438 3507 (v.
457 3421 547 3507 996):

365 3568 449 3647 ὑμᾶς
473 3567 499 3627 d‘
524 3563 647 3630 ἐπαινῶ
671 3564 715 3647 μὴ
742 3567 1008 3648 καταισχύνειν
1032 3567 1088 3647 ἐμέ

195 3708 309 3789 'Quod
335 3729 395 3771 cur
416 3705 628 3788 necessesit,
652 3716 840 3791 postquam
863 3705 1035 3793 exposuit,
1059 3706 1186 3792 repetit
1203 3709 1247 3793 (v.
1266 3711 1375 3794 1008):

316 3940 372 4024 ¹²⁴)
395 3945 454 4000 Die
479 3944 784 4018 Wiederherstellung
808 3945 862 4000 der
885 3944 1019 4002 Dramen
1037 3945 1090 4001 des
1107 3946 1270 4020 Aeschylus
1291 3944 1371 4005 1861

193 4053 233 4107 p.
261 4033 332 4092 144.

316 4135 371 4221 ¹²⁵)
405 4142 492 4196 Plura
531 4141 670 4215 exempla
710 4141 797 4196 huius
831 4157 901 4196 usus
935 4141 1061 4198 contulit
1098 4141 1223 4199 Schwab
1262 4141 1377 4207 Histor‚

193 4229 314 4303 :syntax
338 4230 392 4286 der
415 4230 525 4304 grieeh.
541 4229 761 4304 Komparation
785 4229 803 4285 i.
819 4229 847 4284 d.
863 4227 1050 4287 klassischen
1064 4229 1214 4287 Literatur
1233 4227 1315 4290 1893
1332 4250 1377 4284 Ξ

193 4317 330 4387 Schema,
361 4318 450 4376 Beitr.
479 4338 503 4375 z.
531 4319 632 4376 histor.
659 4317 740 4392 Synt
769 4319 799 4393 d.
827 4317 938 4392 griech.
966 4316 1101 4394 Sprache
1128 4320 1186 4377 vol.
1206 4317 1229 4376 1.
1260 4316 1333 4376 fasc.
1357 4316 1368 4377 1

194 4415 234 4481 μ.
264 4405 335 4467 ros.
