3136 4914
644 359 865 427 ..47-

158 576 220 641 sed
234 579 381 642 Danaus
395 575 471 662 ipse
487 599 532 641 ne
548 577 695 642 verbum
712 573 854 661 quidem
871 572 1032 640 intericit.
1057 571 1194 639 Deinde
1207 573 1336 638 chorus

159 694 196 748 et
211 705 272 748 rex
289 705 466 748 commum
483 693 632 749 nectunt
648 683 723 770 (347
727 682 861 769 -408);
886 691 966 766 post
981 681 1124 746 brevem
1140 679 1335 745 orationem

157 788 254 874 regis
278 789 479 876 (407-417)
504 791 631 855 chorus
648 812 787 855 carmen
806 799 926 855 cantat
942 786 1141 874 (418-436)
1163 785 1335 852 auxilium

158 894 254 981 regis
278 895 478 981 implorans,
511 895 649 962 Deinde
666 907 854 984 postquam
871 893 1044 980 colloquio
1061 916 1167 980 quam
1181 891 1336 959 maxime

159 1002 297 1088 agitato
320 1003 506 1090 Supplices
529 1001 685 1069 minatae
713 1014 798 1068 sunt
825 1025 901 1069 sese
929 1001 1025 1088 ipsas
1048 1012 1232 1067 necaturas
1260 1022 1337 1065 esse

160 1108 229 1174 nisi
246 1109 502 1192 subveniretur,
526 1132 587 1177 rex
604 1109 776 1175 auxilium
791 1107 982 1195 promittit;
1008 1111 1133 1172 Danao
1150 1118 1336 1194 praecepta

159 1217 231 1282 dat.
276 1215 371 1281 Tum
396 1219 538 1282 demum
563 1216 621 1282 ille
644 1228 832 1302 postquam
862 1238 925 1302 per
949 1219 1012 1280 257
1039 1236 1161 1280 versus
1185 1213 1206 1280 i.
1224 1236 1251 1279 e,
1275 1236 1337 1299 per

159 1335 320 1408 quartam
353 1323 462 1389 totius
496 1325 636 1389 fabulae
663 1323 862 1410 partem100)
898 1333 1019 1387 mutus
1054 1321 1175 1403 astitit,
1216 1322 1337 1386 decem

160 1450 282 1495 versus
306 1429 469 1515 loquitur,
494 1429 622 1516 quibus
646 1453 683 1496 se
706 1429 742 1495 in
765 1431 888 1496 urbem
904 1429 1036 1494 iturum
1053 1451 1129 1494 csse
1145 1426 1337 1514 populique

160 1535 333 1602 auxilium
356 1537 622 1625 imploratorum
647 1539 829 1603 declarans
853 1561 872 1603 e
895 1558 1023 1602 scaena
1043 1534 1188 1600 decedit.
1236 1534 1337 1606 Licet

160 1642 276 1710 Danai
300 1655 418 1729 partes
435 1655 618 1729 tantopere
639 1643 783 1729 neglegi
807 1644 890 1710 inde
912 1641 1078 1728 explicari
1099 1641 1218 1729 possit,
1243 1642 1336 1727 quod

160 1749 197 1816 in
232 1750 345 1836 prima
379 1751 499 1816 fabula
534 1750 696 1836 trilogiae
730 1750 818 1815 nihil
855 1762 908 1816 cst
936 1749 1005 1815 nisi
1034 1772 1151 1815 comes
1182 1748 1337 1814 filiarum

159 1860 372 1944 suarum107),
397 1870 514 1925 tamen
541 1881 611 1924 non
637 1857 785 1923 dubium
809 1870 870 1941 est,
895 1857 979 1943 quin
997 1857 1193 1940 Aeschylus
1211 1858 1337 1921 Danao

159 1962 221 2049 qui
244 1987 339 2031 nunc
356 1988 427 2030 non
446 1977 518 2030 tam
534 1987 684 2052 persona
701 1987 806 2050 quam
824 1965 948 2030 umbra
969 1975 1030 2046 est,
1054 1963 1203 2028 maiores
1219 1973 1336 2048 partes

161 2069 357 2138 tributurus
381 2071 495 2153 luerit,
524 2072 552 2137 si
578 2083 689 2137 artem
714 2070 877 2157 colloquii
907 2070 999 2135 inter
1026 2072 1144 2155 plures
1168 2092 1336 2157 personas

160 2176 342 2244 dividendi
381 2179 452 2245 iam
490 2179 607 2264 magis
652 2177 863 2244 excoluisset
906 2189 983 2243 tum
1027 2199 1107 2243 cum
1151 2175 1337 2262 Supplices

159 2288 400 2370 componebat.
449 2290 491 2351 In
518 2287 725 2351 Prometheo
750 2285 845 2351 enim
860 2287 1014 2350 multum
1030 2295 1135 2370 poeta
1152 2282 1336 2349 addidicit:

160 2389 209 2457 ibi
238 2391 267 2457 si
290 2404 429 2478 praeter
453 2394 598 2458 chorum
623 2395 713 2458 duae
741 2415 913 2478 personae
945 2393 1083 2474 adsunt,
1118 2392 1245 2456 chorus
1275 2401 1338 2456 aut

162 2509 284 2564 mutus
308 2501 425 2565 adstat
449 2511 511 2565 aut
528 2500 652 2566 tertiae
668 2501 780 2567 instar
795 2522 966 2586 personae
983 2497 1146 2584 colloquii
1162 2498 1338 2583 particeps

159 2603 211 2673 fit.
222 2607 275 2692 ¹⁰⁸)
322 2609 363 2671 ln
400 2608 553 2692 Septem,
591 2607 712 2689 Persis
748 2606 975 2693 Supplicibus
1011 2607 1161 2670 duorum
1197 2615 1337 2671 tanturn

162 2712 376 2798 colloquium
401 2736 609 2799 componere
633 2713 711 2796 scit3
736 2736 920 2799 nunquam
945 2724 1014 2778 tres
1038 2723 1155 2797 partes
1184 2711 1276 2777 inter
1299 2733 1337 2775 se

161 2821 417 2906 colloquuntur,
464 2822 534 2889 Sed
557 2843 773 2907 magnopere
797 2820 833 2885 in
858 2821 925 2885 hac
940 2843 977 2885 re
994 2818 1073 2885 illae
1089 2820 1229 2884 fabulae
1244 2817 1338 2884 inter

161 2947 199 2992 se
222 2925 398 2994 differunt.
448 2931 488 2992 ln
505 2929 650 3013 Septem
675 2927 769 2993 enim
794 2930 882 2993 alter
906 2937 1003 2992 actor
1018 2948 1203 3011 nunquam
1219 2928 1338 3010 negle-

161 3031 266 3118 gitur,
290 3036 376 3099 dum
400 3037 487 3100 alter
511 3057 591 3101 curn
617 3036 722 3101 choro
745 3034 833 3120 agit3
859 3057 942 3100 nam
965 3033 1077 3099 maior
1100 3055 1181 3118 pars
1196 3034 1337 3098 fabulae

71 3165 80 3178 ·
161 3141 311 3206 duorum
347 3152 504 3207 actorum
541 3141 758 3208 orationibus
795 3141 996 3207 continetur
1024 3142 1130 3206 choro
1159 3141 1337 3225 neglect03

162 3245 212 3313 eis
246 3248 342 3331 lociS,
377 3249 436 3313 ubi
473 3250 600 3314 chorus
637 3271 717 3314 cum
752 3251 861 3315 altero
891 3260 1007 3314 actore
1033 3247 1117 3332 agit,
1154 3248 1241 3313 alter
1264 3269 1335 3311 non

162 3355 268 3422 adest.
317 3355 436 3421 lllinus
453 3357 614 3422 excultus
632 3367 685 3421 est
708 3378 794 3421 usus
811 3358 961 3421 duorum
978 3367 1138 3421 actorum
1154 3353 1190 3418 in
1210 3354 1336 3434 Persis;

161 3460 210 3527 ibi
234 3461 328 3528 enim
352 3462 476 3548 regina
493 3486 554 3548 per
570 3463 807 3549 quadraginta
823 3462 978 3549 quinque
994 3484 1117 3529 versus
1133 3460 1338 3547 neglegitur

163 3568 371 3656 (nlo-290),
400 3571 485 3635 dum
516 3572 642 3636 chorus
667 3593 747 3635 cum
771 3570 898 3636 nuntio
922 3569 1006 3655 agit,
1031 3570 1092 3635 sed
1117 3579 1221 3654 poeta
1243 3569 1337 3633 hanc

162 3698 234 3742 rem
264 3677 363 3762 quasi
394 3689 547 3759 excusat,
580 3700 659 3742 cum
680 3677 841 3762 reginam
870 3677 1046 3742 dicentem
1070 3675 1176 3741 faciat
1200 3674 1242 3764 (v.
1262 3680 1338 3754 290)

404 3810 482 3886 σιγῶ
505 3806 603 3870 πάλαι
632 3801 784 3886 ὁῦστηνος
807 3805 1044 3886 ἐκπεπληγμένη

402 3916 525 3980 κακοῖς.

277 4069 334 4155 ¹⁰⁶)
359 4075 403 4132 Cs.
429 4075 573 4132 Kortium
598 4078 615 4130 l.
640 4094 665 4131 c.

280 4163 334 4246 ¹⁰⁷)
359 4165 554 4238 Quamquam
579 4165 608 4219 in
633 4165 720 4221 tertia
745 4164 847 4220 sabula
872 4164 934 4218 sine
953 4163 1046 4219 dubio
1064 4171 1165 4236 partes
1182 4162 1339 4236 primarias

161 4261 232 4328 ega.
278 4337 331 4423 ωε)
350 4343 385 4398 v.
402 4342 476 4409 om,
502 4341 573 4407 782.
602 4341 695 4400 1036.
760 4369 762 4372 -
