3136 4914
666 274 889 341 ..ae-

189 485 400 573 quismnam
433 490 593 556 omnium
628 512 718 577 qnae
754 502 914 556 servatae
946 501 1033 555 snnt
1056 491 1258 555 iabnlarm
1282 513 1370 556 esse

193 596 248 661 Ac
269 616 483 682 qumquam
497 595 784 663 testimoniorum
797 596 920 683 inopia
933 596 1155 683 inmedinmr,
1176 619 1225 661 ne
1239 596 1370 663 eutius

193 711 336 788 tempus
360 701 589 781 stabilimus,
617 705 793 769 nonnulla
814 702 946 768 indicia
979 726 1025 768 ex
1044 703 1194 769 historia
1220 704 1371 789 repetita

192 809 343 875 tortasse
379 812 657 876 contemnendae
682 833 756 875 non
786 823 877 876 snnt
922 813 1019 876 Nam
1047 833 1127 876 cnm
1152 835 1187 875 r.
1210 815 1276 876 633
1300 835 1372 876 car-

191 913 289 982 mine
327 914 474 982 ineunte
515 917 660 982 choram
696 930 856 983 orantem
888 917 1024 997 tenerit,
1055 930 1099 983 nt
1132 917 1168 982 di
1205 917 1371 984 incendia

191 1024 238 1088 ab
276 1023 363 1089 urbe
392 1022 608 1109 Argivorum
647 1035 803 1098 arceant,
839 1025 937 1089 hand
974 1024 1048 1089 ςέο
1082 1048 1130 1089 an
1168 1037 1295 1110 poetae
1333 1025 1368 1089 in

191 1141 313 1197 mente
343 1129 496 1196 haeserit
527 1153 662 1216 magna
695 1131 757 1196 ffla
792 1132 909 1197 clades
935 1131 1159 1216 Argivorum,
1193 1155 1264 1217 qna
1289 1134 1371 1217 plus

194 1259 257 1305 sex
289 1235 389 1303 milia
425 1236 554 1303 civium
588 1237 626 1302 in
659 1239 744 1302 lncn
777 1237 857 1323 igni
882 1237 1001 1303 necati
1028 1261 1107 1304 esse
1133 1237 1369 1322 dicunturffl)

192 1343 336 1412 Etenim
361 1356 402 1410 ut
424 1356 529 1430 poeta
554 1345 766 1409 vocabulum
788 1344 978 1434 rupim
998 1344 1156 1430 eligerer,
1184 1345 1370 1431 repentina

191 1453 340 1519 lortasse
373 1451 616 1518 recordatione
638 1454 773 1517 tactum
806 1464 875 1532 est,
914 1474 994 1516 cnm
1030 1451 1147 1517 subita
1176 1452 1286 1517 hnins
1319 1453 1369 1518 rei

192 1558 363 1625 memoria
396 1571 522 1644 poetae
556 1557 716 1623 animum
748 1559 844 1624 inter
870 1561 1155 1644 componmdnm
1183 1558 1369 1644 tetigisset

191 1666 297 1752 Quod
330 1666 451 1753 paullo
482 1677 564 1752 post
597 1677 653 1732 tot
680 1664 812 1731 cirinm
844 1687 950 1730 neces
977 1664 1147 1731 accidisse
1180 1665 1370 1731 verisimile

192 1785 254 1841 est.
303 1776 357 1840 De
379 1784 538 1860 tempore
565 1772 642 1839 eins
672 1772 882 1838 calamitatis
908 1795 980 1836 non
1010 1772 1097 1838 satis
1123 1784 1272 1855 constat,
1300 1773 1368 1838 nisi

191 1881 286 1968 quod
316 1891 400 1947 ante
432 1904 460 1947 a
485 1885 546 1946 491
578 1902 657 1945 eam
685 1880 887 1966 ponendam
910 1901 988 1943 esse
1011 1881 1205 1967 Beroeam)
1228 1882 1372 1945 demon-

193 1987 332 2068 stravit3
367 1989 412 2054 de
444 2012 473 2055 a
498 1993 564 2054 493
592 1989 633 2055 E.
654 1991 846 2070 Meyermt
881 1990 1145 2074 Pdhlmann¹⁴⁰l
1172 1989 1218 2053 de
1247 2011 1275 2054 a
1305 1993 1370 2054 495

192 2095 362 2183 cogitant
410 2097 464 2161 Ad
489 2094 583 2161 idem
610 2097 682 2160 lere
709 2107 851 2182 tempus
878 2096 1118 2177 deveniemus,
1150 2095 1180 2160 si
1205 2095 1370 2179 Aeschyli

195 2202 463 2271 consuetudinis
494 2201 768 2283 meminerimus,
802 2227 872 2290 qna
903 2226 1020 2270 rernm
1053 2204 1179 2268 eodem
1213 2214 1371 2288 tempore

195 2320 374 2394 gestarunt
416 2309 444 2376 si
484 2331 555 2375 non
594 2308 769 2395 expressis
807 2311 925 2377 verbis
959 2311 1010 2376 ita
1045 2321 1164 2376 tamen
1196 2308 1371 2374 rationem

192 2413 327 2497 habuit,
351 2427 498 2504 atquae
519 2414 679 2481 omnium
703 2416 841 2482 animos
865 2429 942 2483 tum
963 2419 1158 2484 movebant
1179 2415 1216 2481 in
1240 2415 1371 2481 fabulis

193 2520 269 2590 eiua
304 2522 456 2609 vestigia
491 2522 705 2610 reliquerint
751 2528 802 2589 Ac
836 2547 918 2590 cnm
952 2525 989 2590 in
1019 2523 1133 2590 Persis
1164 2523 1200 2589 id
1229 2534 1372 2612 propter

193 2641 443 2717 argumentum
474 2629 710 2698 necessarium
736 2631 851 2714 luerit,
883 2655 928 2698 ex
956 2630 1098 2699 Orestia
1125 2629 1371 2697 contentiones

193 2736 314 2806 civiles
338 2736 433 2806 illius
458 2737 626 2826 temporis
649 2736 780 2805 sentire
803 2761 1002 2824 possumus,
1030 2759 1244 2825 quamquam
1268 2759 1372 2823 argu—

193 2856 352 2913 mentum
389 2845 496 2913 ltuius
530 2845 578 2912 rei
608 2867 731 2911 ansam
765 2868 838 2911 non
873 2847 1070 2934 praebebat
1127 2843 1251 2912 Simile
1285 2843 1371 2930 quid

194 2949 300 3020 etiarn
338 2951 372 3019 in
404 2952 632 3039 Supplicibus
665 2951 833 3018 accidisse
866 2963 993 3038 potest.
1041 2955 1167 3039 Itaque
1200 2962 1241 3017 ut
1268 2951 1373 3017 nobis

194 3079 334 3147 (guoque
370 3058 474 3127 liceat
508 3082 562 3125 res
599 3059 784 3127 historicas
818 3059 856 3124 in
888 3059 1116 3146 Supplicibus
1151 3057 1301 3141 odorari,
1340 3058 1370 3123 si

195 3164 398 3233 nominibus
433 3165 599 3251 mythicis
632 3166 805 3252 neglectis
832 3168 987 3232 fabulam
1015 3165 1128 3252 ipsam
1155 3164 1371 3251 inspicimus

196 3273 329 3360 puellas
362 3273 534 3339 habemus
569 3295 613 3339 ex
640 3272 790 3339 Graecia
822 3272 990 3339 oriundas
1018 3272 1171 3360 patriam
1197 3271 1387 3338 maiorum-

196 3389 356 3465 petcntes
389 3377 631 3466 auxiliumque
654 3378 884 3466 implorantes
906 3391 1030 3446 contra
1053 3402 1121 3464 eos
1150 3400 1298 3466 quorum
1327 3400 1371 3442 ex

196 3498 286 3553 terra
303 3484 456 3569 fugiunt,
480 3485 572 3553 sicut
588 3508 628 3552 eo
646 3497 802 3573 tempore
818 3486 976 3553 coloniae
992 3486 1132 3553 'lonicae
1149 3509 1170 3552 a
1187 3489 1370 3551 Persarum

196 3588 329 3678 impetu
347 3613 533 3680 oppressae
545 3591 731 3680 pristinam
747 3593 898 3681 patriam
915 3593 1086 3661 adierunt
1113 3592 1252 3662 Scimus
1267 3613 1372 3677 porro

199 3696 446 3783 Plirynichum‚
481 3721 585 3785 quem
619 3711 655 3766 et
685 3698 801 3786 ipsum
831 3699 868 3766 in
897 3723 1024 3766 scaena
1047 3722 1102 3765 res
1126 3721 1190 3765 suo
1214 3709 1372 3783 tempore

196 3815 316 3890 gestas
352 3816 520 3874 tractasse
552 3807 751 3873 fabularum
782 3811 943 3891 „Persae“
975 3817 1011 3872 et
1038 3802 1208 3894 ,Μιλήτου
1232 3805 1374 3876 ἅλωσιςιι

307 3986 362 4067 ¹³7)
387 3990 534 4067 Droysen.
558 3992 808 4067 Aeschyl.'Trag.
831 3982 1000 4049 tibersetzt²
1023 4009 1051 4066 p.
1068 3987 1141 4050 576.
1201 4000 1215 4003 ”

308 4076 359 4155 ¹³⁸)
382 4078 504 4139 Griech.
528 4079 640 4139 Gerch.
663 4080 686 4139 1.
709 4079 783 4142 349.
967 4075 968 4078 ¹

308 4164 359 4242 ¹³⁹)
384 4166 496 4228 Gereh.
521 4170 549 4228 d.
573 4170 630 4228 alt.
654 4169 705 4227 Ill.
733 4169 803 4230 121.

307 4247 359 4332 ¹⁴⁰)
384 4255 505 4316 Grlech.
529 4256 658 4317 Geach.³
681 4256 731 4319 58.
841 4344 844 4351 ι
